3100 4892
672 403 912 490 Prolegomsna.
1308 406 1361 461 vn

224 577 308 642 unde
330 596 522 661 consequens
546 583 603 661 est,
627 583 663 644 ut
685 583 735 644 sat
758 580 887 645 iuuenili
910 585 1012 645 aetate
1034 583 1258 648 monasterium
1274 583 1360 647 Leri-

222 699 321 746 neuss
340 701 447 766 regere
468 683 610 767 coeperit.
647 703 725 766 quae
747 685 878 750 sirecte
901 685 1061 767 disputata
1079 690 1163 766 sunt,
1187 704 1264 770 opus
1284 687 1361 752 illud

221 785 262 849 de
292 787 393 870 gratia
423 791 453 852 el
483 787 581 853 libero
612 788 739 854 arbitrio
773 787 870 873 (anno
899 790 964 853 tere
995 787 1059 852 473
1088 790 1139 854 nel
1173 794 1255 856 certe
1286 794 1359 856 ante

220 907 250 953 a.
267 888 346 974 475)
372 891 507 956 Faustus
535 894 753 978 sexagenarius
781 892 846 957 iere
868 894 1062 977 conscripsit,
1090 894 1122 958 id
1149 894 1230 976 quod
1251 896 1359 978 procul

221 993 317 1058 dubio
340 997 440 1079 magis
462 997 565 1080 placet
585 1015 679 1080 quam
700 998 858 1062 sententia
876 997 1011 1078 illorum,
1034 999 1087 1080 qui
1106 998 1257 1062 Faustum
1278 1017 1359 1064 anno

218 1095 288 1162 390
307 1100 357 1165 uel
377 1099 441 1164 400
461 1107 571 1166 natum
591 1121 660 1166 esse
680 1102 874 1166 contendunt
894 1120 955 1166 non
975 1103 1148 1185 cogitantes
1171 1103 1237 1167 ueri
1258 1105 1358 1168 simile

219 1220 285 1268 non
309 1222 376 1268 esse
399 1204 551 1270 Faustum
581 1224 659 1290 opus
689 1225 783 1270 suum
812 1207 1012 1289 potissimum
1043 1208 1169 1272 maioris
1202 1207 1293 1272 molis
1327 1212 1358 1273 et

218 1307 362 1373 doctrina
384 1309 511 1391 plenum
534 1311 809 1394 septuagenarium
831 1311 882 1376 uel
904 1312 998 1376 etiam
1019 1312 1253 1395 octogenarium
1273 1329 1357 1376 corn·

217 1412 374 1494 posuisse.

264 1515 375 1581 Matris
397 1517 505 1583 Fausti
532 1519 724 1585 mentionem
751 1518 826 1583 lacit
848 1515 992 1583 Sidonias
1019 1519 1050 1583 in
1078 1519 1215 1584 carmine
1243 1519 1357 1584 sucha-

214 1620 326 1685 ristioo
349 1621 424 1686 XVI
447 1620 490 1684 84
512 1623 550 1688 ad
573 1623 725 1688 Faustum
749 1623 876 1706 scripto:

325 1775 470 1840 omnibns
493 1787 634 1842 attamen
658 1779 708 1841 iris
731 1788 783 1841 sat
801 1787 962 1864 praestat,
986 1777 1072 1864 qnod
1094 1776 1244 1856 notanti,

324 1890 361 1944 at
382 1891 510 1948 sanctae
532 1883 648 1946 maltis
670 1893 818 1946 sanctam
839 1903 962 1968 quoqne
986 1881 1082 1946 limen
1105 1883 1243 1962 adirem,

212 2055 300 2121 quae
326 2037 424 2104 uerba
450 2040 487 2104 de
514 2039 649 2124 spiritali
676 2045 775 2105 matre
802 2041 821 2104 i.
844 2061 870 2104 e.
892 2040 1024 2105 ecclesia
1049 2041 1260 2125 intellegenda
1286 2059 1354 2106 ease

211 2144 271 2222 ita,
297 2146 332 2207 nt
353 2143 542 2227 significetur
563 2143 723 2211 Sidonium
747 2163 765 2209 a
788 2145 903 2209 Fausto
927 2145 966 2209 ad
988 2144 1087 2210 uitam
1111 2146 1353 2210 ecclesiasticam

212 2247 389 2313 adductum
417 2265 495 2330 esse,
526 2249 701 2314 Kruschius
728 2252 845 2314 censet.
881 2249 936 2313 sed
963 2267 1034 2314 oum
1058 2247 1202 2315 Sidonius
1228 2253 1352 2332 pergat:

345 2403 484 2492 deriqni,
501 2405 625 2492 fateor,
648 2405 730 2468 milei
752 2405 897 2470 conscias
920 2415 1013 2490 atque
1037 2414 1165 2491 repente

344 2509 444 2572 tinxit
467 2509 657 2573 adorantem
675 2509 806 2596 pauido
829 2509 1014 2572 reuerentia
1037 2507 1185 2590 caleam

343 2634 399 2676 nec
421 2635 509 2677 secas
532 2614 698 2690 intremui,
722 2635 819 2698 qaam
840 2613 871 2676 si
892 2634 940 2676 me
956 2611 1050 2698 forte
1073 2611 1230 2676 Rebeccae

341 2717 447 2782 Israel
470 2727 528 2782 ant
551 2717 681 2784 Samaei
703 2718 846 2782 crinitam
870 2717 999 2781 duceret
1021 2715 1146 2795 Annae,

209 2876 374 2941 carnalem
395 2875 504 2940 Fausti
524 2880 656 2940 matrem
675 2877 887 2960 grandaeuam
908 2894 927 2940 a
946 2874 1069 2941 Sidonio
1089 2875 1210 2940 laudari
1229 2876 1262 2939 in
1281 2893 1352 2959 pro·

208 2981 322 3064 patulo
347 2984 402 3045 est.

257 3083 376 3166 Quodsi
402 3085 536 3150 Faustus
562 3104 592 3168 p.
615 3082 730 3166 218,7
761 3085 950 3150 Memorium
977 3084 1194 3166 presbyterum
1221 3084 1350 3148 fratrem

208 3207 308 3254 suum
339 3189 414 3254 dicit
443 3193 474 3254 et
500 3185 619 3272 p.195‚
640 3189 678 3253 13
709 3188 830 3254 scribit:
853 3186 967 3270 filiam
994 3209 1095 3250 means
1120 3185 1349 3265 Eminentiam,

210 3289 310 3356 dulce
331 3291 425 3356 decus
445 3301 599 3370 nastrum,
618 3303 758 3378 paterna
778 3291 975 3376 sospitamus
990 3289 1119 3377 affectu,
1139 3292 1216 3356 haec
1236 3309 1350 3375 cogna-

207 3399 307 3464 tionis
330 3399 456 3464 nomina
479 3399 546 3464 sine
569 3397 662 3463 dubio
685 3399 816 3482 spiritali
838 3415 933 3462 sensu
955 3396 1165 3480 intellegenda
1187 3400 1268 3460 sunt.

256 3501 373 3568 Studiis
400 3503 623 3586 philosophicis,
647 3502 800 3567 Faustum
827 3502 972 3566 iuuenem
999 3518 1124 3583 operam
1152 3500 1275 3564 dedisse
1302 3499 1349 3564 Si·

207 3607 324 3672 donius
350 3607 448 3672 insius
476 3607 633 3691 praedicat
662 3606 706 3691 (p.
730 3604 802 3686 158,
825 3604 864 3669 10
884 3624 952 3687 sqq.
973 3605 1024 3688 L.)
1051 3623 1150 3686 neque
1177 3609 1284 3669 tamen
1312 3623 1349 3668 sn

206 3711 319 3777 uerbis
341 3711 423 3776 illius
446 3713 467 3776 l.
486 3710 540 3776 15:
563 3711 690 3774 sinsin
709 3707 889 3796 palaestris
908 3708 1067 3772 emerseris
1087 3705 1226 3772 acbaais
1246 3710 1349 3791 suspi-

206 3816 275 3882 cari
298 3816 372 3880 licet
393 3815 555 3896 Faustum,
586 3817 768 3898 priusquam
796 3815 1021 3878 monasterinm
1048 3812 1156 3894 adiret,
1186 3813 1219 3876 in
1246 3814 1347 3890 causis

205 3918 388 3986 forensibus
410 3923 571 3986 uersatum
595 3937 673 4001 esse,
697 3937 769 3984 cum
792 3917 890 3982 uerba
911 3917 1075 3999 sequentia
1097 3916 1174 3978 laec
1196 3916 1251 3999 (sc.
1268 3915 1347 4000 pti-

207 4021 378 4110 tosaptia)
406 4021 565 4088 Athenaei
594 4043 723 4086 canons
754 4023 831 4088 satis
861 4021 1029 4087 ostendant
1058 4020 1181 4085 scholas
1211 4020 1347 4103 philoso-

203 4129 331 4215 phicas,
352 4127 405 4192 ubi
420 4129 527 4212 primis
547 4129 721 4194 litterarum
742 4127 905 4192 elementis
926 4124 1066 4189 imbutus
1087 4128 1144 4204 est,
1162 4124 1346 4206 priusquam

204 4233 439 4300 monesterium
460 4237 591 4317 peteret,
614 4233 841 4316 palaestrarum
865 4248 940 4295 noce
964 4248 1033 4294 esse
1056 4227 1258 4312 significatas,
1285 4228 1346 4292 nisi

203 4342 289 4405 sorte
314 4339 408 4404 Reios
435 4339 585 4402 intellexit
611 4337 766 4416 Sidonius
794 4355 864 4399 cum
892 4333 990 4398 uerba
1016 4334 1090 4396 tecit
1117 4333 1154 4396 de
1182 4333 1344 4416 palaestris
