<?xml version="1.0" encoding="UTF-8"?>
<!DOCTYPE html PUBLIC "-//W3C//DTD XHTML 1.0 Transitional//EN"
    "http://www.w3.org/TR/xhtml1/DTD/xhtml1-transitional.dtd">
<html xmlns="http://www.w3.org/1999/xhtml" xml:lang="en" lang="en">
 <head>
  <title>
</title>
<meta http-equiv="Content-Type" content="text/html;charset=utf-8" />
  <meta name='ocr-system' content='tesseract 3.04.00' />
  <meta name='ocr-capabilities' content='ocr_page ocr_carea ocr_par ocr_line ocrx_word'/>
</head>
<body>
  <div class='ocr_page' id='page_1' title='image "./corpusscriptoru19wiengoog_0522.png"; bbox 0 0 3100 4892; ppageno 0'>
   <div class='ocr_carea' id='block_1_1' title="bbox 796 610 860 674">
    <p class='ocr_par' dir='ltr' id='par_1_1' title="bbox 796 610 860 674">
     <span class='ocr_line' id='line_1_1' title="bbox 796 610 860 674; baseline -0.016 0"><span class='ocrx_word' id='word_1_1' title='bbox 796 610 860 674; x_wconf 84' lang='lat' dir='ltr'>LV.</span> 
     </span>
    </p>
   </div>
   <div class='ocr_carea' id='block_1_2' title="bbox 477 751 1183 797">
    <p class='ocr_par' dir='ltr' id='par_1_2' title="bbox 477 751 1183 797">
     <span class='ocr_line' id='line_1_2' title="bbox 477 751 1183 797; baseline -0.003 -2"><span class='ocrx_word' id='word_1_2' title='bbox 477 754 621 797; x_wconf 75' lang='lat' dir='ltr'>annicius</span> <span class='ocrx_word' id='word_1_3' title='bbox 644 753 830 797; x_wconf 74' lang='lat' dir='ltr'>Arnnucnno</span> <span class='ocrx_word' id='word_1_4' title='bbox 854 751 1004 794; x_wconf 72' lang='lat' dir='ltr'>EPISOOPO</span> <span class='ocrx_word' id='word_1_5' title='bbox 1027 752 1183 793; x_wconf 69' lang='lat' dir='ltr'>SALUTEM.</span> 
     </span>
    </p>
   </div>
   <div class='ocr_carea' id='block_1_3' title="bbox 205 866 1394 2187">
    <p class='ocr_par' dir='ltr' id='par_1_3' title="bbox 206 866 1394 2102">
     <span class='ocr_line' id='line_1_3' title="bbox 303 866 1394 954; baseline -0.009 -15"><span class='ocrx_word' id='word_1_6' title='bbox 303 873 390 940; x_wconf 84' lang='lat' dir='ltr'>Sicut</span> <span class='ocrx_word' id='word_1_7' title='bbox 411 874 533 938; x_wconf 78' lang='lat' dir='ltr'>litteras</span> <span class='ocrx_word' id='word_1_8' title='bbox 556 872 732 937; x_wconf 87' lang='lat' dir='ltr'>sanct&#39;tatis</span> <span class='ocrx_word' id='word_1_9' title='bbox 756 876 879 935; x_wconf 89' lang='lat' dir='ltr'>uestrae</span> <span class='ocrx_word' id='word_1_10' title='bbox 902 891 957 954; x_wconf 92' lang='lat' dir='ltr'>per</span> <span class='ocrx_word' id='word_1_11' title='bbox 981 871 1083 935; x_wconf 89' lang='lat' dir='ltr'>uirum</span> <span class='ocrx_word' id='word_1_12' title='bbox 1099 868 1313 934; x_wconf 88' lang='lat' dir='ltr'>uenerabilem</span> <span class='ocrx_word' id='word_1_13' title='bbox 1328 866 1394 929; x_wconf 83' lang='lat' dir='ltr'>Elo-</span> 
     </span>
     <span class='ocr_line' id='line_1_4' title="bbox 259 972 1394 1061; baseline -0.008 -19"><span class='ocrx_word' id='word_1_14' title='bbox 259 978 347 1061; x_wconf 88' lang='lat' dir='ltr'>gium</span> <span class='ocrx_word' id='word_1_15' title='bbox 370 996 441 1041; x_wconf 90' lang='lat' dir='ltr'>cum</span> <span class='ocrx_word' id='word_1_16' title='bbox 461 977 669 1061; x_wconf 79' lang='lat' dir='ltr'>gratulatione</span> <span class='ocrx_word' id='word_1_17' title='bbox 685 976 819 1059; x_wconf 91' lang='lat' dir='ltr'>suscepi,</span> <span class='ocrx_word' id='word_1_18' title='bbox 843 976 886 1039; x_wconf 86' lang='lat' dir='ltr'>ita</span> <span class='ocrx_word' id='word_1_19' title='bbox 901 976 957 1039; x_wconf 88' lang='lat' dir='ltr'>has</span> <span class='ocrx_word' id='word_1_20' title='bbox 974 974 1085 1039; x_wconf 89' lang='lat' dir='ltr'>eodem</span> <span class='ocrx_word' id='word_1_21' title='bbox 1100 973 1251 1038; x_wconf 83' lang='lat' dir='ltr'>redeunte</span> <span class='ocrx_word' id='word_1_22' title='bbox 1267 972 1394 1036; x_wconf 84' lang='lat' dir='ltr'>libenter</span> 
     </span>
     <span class='ocr_line' id='line_1_5' title="bbox 220 1066 1392 1164; baseline -0.008 -18"><span class='ocrx_word' id='word_1_23' title='bbox 220 1108 232 1146; x_wconf 77' lang='lat' dir='ltr'>s</span> <span class='ocrx_word' id='word_1_24' title='bbox 259 1082 358 1147; x_wconf 87' lang='lat' dir='ltr'>emisi.</span> <span class='ocrx_word' id='word_1_25' title='bbox 393 1081 504 1163; x_wconf 91' lang='lat' dir='ltr'>quibus</span> <span class='ocrx_word' id='word_1_26' title='bbox 528 1081 714 1164; x_wconf 89' lang='lat' dir='ltr'>apostolatui</span> <span class='ocrx_word' id='word_1_27' title='bbox 738 1083 842 1145; x_wconf 91' lang='lat' dir='ltr'>uestro</span> <span class='ocrx_word' id='word_1_28' title='bbox 865 1078 1006 1143; x_wconf 88' lang='lat' dir='ltr'>debitum</span> <span class='ocrx_word' id='word_1_29' title='bbox 1027 1066 1168 1160; x_wconf 83' lang='lat' dir='ltr'>dependo</span> <span class='ocrx_word' id='word_1_30' title='bbox 1184 1074 1392 1161; x_wconf 78' lang='lat' dir='ltr'>sospitationis</span> 
     </span>
     <span class='ocr_line' id='line_1_6' title="bbox 258 1178 1391 1267; baseline -0.008 -17"><span class='ocrx_word' id='word_1_31' title='bbox 258 1183 397 1250; x_wconf 83' lang='lat' dir='ltr'>osticium</span> <span class='ocrx_word' id='word_1_32' title='bbox 421 1185 574 1267; x_wconf 89' lang='lat' dir='ltr'>simulque</span> <span class='ocrx_word' id='word_1_33' title='bbox 597 1184 740 1267; x_wconf 80' lang='lat' dir='ltr'>deposco,</span> <span class='ocrx_word' id='word_1_34' title='bbox 764 1188 800 1248; x_wconf 89' lang='lat' dir='ltr'>nt</span> <span class='ocrx_word' id='word_1_35' title='bbox 822 1200 877 1267; x_wconf 89' lang='lat' dir='ltr'>pro</span> <span class='ocrx_word' id='word_1_36' title='bbox 901 1181 991 1247; x_wconf 90' lang='lat' dir='ltr'>nobis</span> <span class='ocrx_word' id='word_1_37' title='bbox 1014 1200 1101 1246; x_wconf 88' lang='lat' dir='ltr'>orare</span> <span class='ocrx_word' id='word_1_38' title='bbox 1124 1180 1299 1264; x_wconf 84' lang='lat' dir='ltr'>dignemini</span> <span class='ocrx_word' id='word_1_39' title='bbox 1321 1182 1350 1242; x_wconf 88' lang='lat' dir='ltr'>et</span> <span class='ocrx_word' id='word_1_40' title='bbox 1364 1178 1391 1241; x_wconf 90' lang='lat' dir='ltr'>id</span> 
     </span>
     <span class='ocr_line' id='line_1_7' title="bbox 258 1281 1393 1372; baseline -0.01 -17"><span class='ocrx_word' id='word_1_41' title='bbox 258 1290 457 1355; x_wconf 89' lang='lat' dir='ltr'>acommnni</span> <span class='ocrx_word' id='word_1_42' title='bbox 485 1289 608 1353; x_wconf 90' lang='lat' dir='ltr'>domino</span> <span class='ocrx_word' id='word_1_43' title='bbox 635 1288 822 1372; x_wconf 78' lang='lat' dir='ltr'>peculiarius</span> <span class='ocrx_word' id='word_1_44' title='bbox 845 1287 1014 1371; x_wconf 90' lang='lat' dir='ltr'>postulare,</span> <span class='ocrx_word' id='word_1_45' title='bbox 1045 1290 1082 1349; x_wconf 90' lang='lat' dir='ltr'>nt</span> <span class='ocrx_word' id='word_1_46' title='bbox 1104 1286 1168 1349; x_wconf 92' lang='lat' dir='ltr'>iam</span> <span class='ocrx_word' id='word_1_47' title='bbox 1191 1284 1320 1349; x_wconf 86' lang='lat' dir='ltr'>tandem</span> <span class='ocrx_word' id='word_1_48' title='bbox 1342 1281 1393 1345; x_wconf 90' lang='lat' dir='ltr'>ali·</span> 
     </span>
     <span class='ocr_line' id='line_1_8' title="bbox 257 1387 1391 1476; baseline -0.008 -17"><span class='ocrx_word' id='word_1_49' title='bbox 257 1395 380 1476; x_wconf 88' lang='lat' dir='ltr'>quando</span> <span class='ocrx_word' id='word_1_50' title='bbox 409 1393 441 1458; x_wconf 91' lang='lat' dir='ltr'>in</span> <span class='ocrx_word' id='word_1_51' title='bbox 471 1412 569 1458; x_wconf 91' lang='lat' dir='ltr'>unum</span> <span class='ocrx_word' id='word_1_52' title='bbox 600 1393 707 1456; x_wconf 88' lang='lat' dir='ltr'>uenire</span> <span class='ocrx_word' id='word_1_53' title='bbox 730 1397 761 1456; x_wconf 89' lang='lat' dir='ltr'>et</span> <span class='ocrx_word' id='word_1_54' title='bbox 784 1411 840 1456; x_wconf 92' lang='lat' dir='ltr'>nos</span> <span class='ocrx_word' id='word_1_55' title='bbox 864 1390 970 1455; x_wconf 89' lang='lat' dir='ltr'>uidere</span> <span class='ocrx_word' id='word_1_56' title='bbox 994 1407 1181 1469; x_wconf 85' lang='lat' dir='ltr'>mereamur,</span> <span class='ocrx_word' id='word_1_57' title='bbox 1213 1391 1250 1452; x_wconf 93' lang='lat' dir='ltr'>ut</span> <span class='ocrx_word' id='word_1_58' title='bbox 1271 1387 1391 1464; x_wconf 76' lang='lat' dir='ltr'>canitae,</span> 
     </span>
     <span class='ocr_line' id='line_1_9' title="bbox 258 1490 1390 1581; baseline -0.007 -19"><span class='ocrx_word' id='word_1_59' title='bbox 258 1517 336 1581; x_wconf 91' lang='lat' dir='ltr'>quae</span> <span class='ocrx_word' id='word_1_60' title='bbox 368 1497 539 1562; x_wconf 90' lang='lat' dir='ltr'>secundum</span> <span class='ocrx_word' id='word_1_61' title='bbox 569 1497 759 1561; x_wconf 86' lang='lat' dir='ltr'>sententiam</span> <span class='ocrx_word' id='word_1_62' title='bbox 791 1496 978 1560; x_wconf 83' lang='lat' dir='ltr'>dominicam</span> <span class='ocrx_word' id='word_1_63' title='bbox 1007 1495 1040 1558; x_wconf 92' lang='lat' dir='ltr'>iu</span> <span class='ocrx_word' id='word_1_64' title='bbox 1070 1492 1250 1577; x_wconf 87' lang='lat' dir='ltr'>pectoribus</span> <span class='ocrx_word' id='word_1_65' title='bbox 1282 1490 1390 1556; x_wconf 85' lang='lat' dir='ltr'>nostris</span> 
     </span>
     <span class='ocr_line' id='line_1_10' title="bbox 206 1596 1389 1686; baseline -0.008 -19"><span class='ocrx_word' id='word_1_66' title='bbox 206 1630 231 1667; x_wconf 84' lang='grc' dir='ltr'>ιο</span> <span class='ocrx_word' id='word_1_67' title='bbox 256 1622 312 1686; x_wconf 91' lang='lat' dir='ltr'>per</span> <span class='ocrx_word' id='word_1_68' title='bbox 335 1601 520 1681; x_wconf 87' lang='lat' dir='ltr'>absentiam,</span> <span class='ocrx_word' id='word_1_69' title='bbox 543 1601 624 1682; x_wconf 89' lang='lat' dir='ltr'>quod</span> <span class='ocrx_word' id='word_1_70' title='bbox 647 1601 735 1684; x_wconf 88' lang='lat' dir='ltr'>peius</span> <span class='ocrx_word' id='word_1_71' title='bbox 751 1604 809 1681; x_wconf 88' lang='lat' dir='ltr'>est,</span> <span class='ocrx_word' id='word_1_72' title='bbox 833 1600 961 1679; x_wconf 83' lang='lat' dir='ltr'>ret&#39;rixit,</span> <span class='ocrx_word' id='word_1_73' title='bbox 984 1619 1039 1682; x_wconf 87' lang='lat' dir='ltr'>per</span> <span class='ocrx_word' id='word_1_74' title='bbox 1054 1598 1268 1681; x_wconf 86' lang='lat' dir='ltr'>praesentiam</span> <span class='ocrx_word' id='word_1_75' title='bbox 1282 1596 1389 1660; x_wconf 88' lang='lat' dir='ltr'>iterum</span> 
     </span>
     <span class='ocr_line' id='line_1_11' title="bbox 257 1698 1390 1789; baseline -0.008 -18"><span class='ocrx_word' id='word_1_76' title='bbox 257 1708 290 1771; x_wconf 95' lang='lat' dir='ltr'>in</span> <span class='ocrx_word' id='word_1_77' title='bbox 313 1707 422 1789; x_wconf 91' lang='lat' dir='ltr'>sopitis</span> <span class='ocrx_word' id='word_1_78' title='bbox 447 1705 603 1769; x_wconf 90' lang='lat' dir='ltr'>cineribus</span> <span class='ocrx_word' id='word_1_79' title='bbox 626 1704 794 1769; x_wconf 89' lang='lat' dir='ltr'>suscitetur</span> <span class='ocrx_word' id='word_1_80' title='bbox 818 1708 849 1768; x_wconf 89' lang='lat' dir='ltr'>et</span> <span class='ocrx_word' id='word_1_81' title='bbox 872 1704 953 1767; x_wconf 92' lang='lat' dir='ltr'>uiuis</span> <span class='ocrx_word' id='word_1_82' title='bbox 977 1702 1105 1767; x_wconf 92' lang='lat' dir='ltr'>uocibus</span> <span class='ocrx_word' id='word_1_83' title='bbox 1129 1702 1218 1783; x_wconf 87' lang='lat' dir='ltr'>qnasi</span> <span class='ocrx_word' id='word_1_84' title='bbox 1236 1700 1325 1765; x_wconf 91' lang='lat' dir='ltr'>nouis</span> <span class='ocrx_word' id='word_1_85' title='bbox 1340 1698 1390 1762; x_wconf 89' lang='lat' dir='ltr'>fla·</span> 
     </span>
     <span class='ocr_line' id='line_1_12' title="bbox 257 1806 1388 1891; baseline -0.008 -16"><span class='ocrx_word' id='word_1_86' title='bbox 257 1811 342 1875; x_wconf 90' lang='lat' dir='ltr'>tibus</span> <span class='ocrx_word' id='word_1_87' title='bbox 365 1812 479 1875; x_wconf 90' lang='lat' dir='ltr'>ueteris</span> <span class='ocrx_word' id='word_1_88' title='bbox 502 1810 616 1875; x_wconf 89' lang='lat' dir='ltr'>amoris</span> <span class='ocrx_word' id='word_1_89' title='bbox 631 1809 806 1873; x_wconf 90' lang='lat' dir='ltr'>rediuiuum</span> <span class='ocrx_word' id='word_1_90' title='bbox 821 1811 981 1891; x_wconf 88' lang='lat' dir='ltr'>reparetur</span> <span class='ocrx_word' id='word_1_91' title='bbox 997 1806 1187 1885; x_wconf 89' lang='lat' dir='ltr'>incendium,</span> <span class='ocrx_word' id='word_1_92' title='bbox 1210 1806 1294 1888; x_wconf 91' lang='lat' dir='ltr'>quod</span> <span class='ocrx_word' id='word_1_93' title='bbox 1310 1821 1388 1867; x_wconf 92' lang='lat' dir='ltr'>more</span> 
     </span>
     <span class='ocr_line' id='line_1_13' title="bbox 256 1910 1387 1997; baseline -0.01 -18"><span class='ocrx_word' id='word_1_94' title='bbox 256 1918 349 1997; x_wconf 88' lang='lat' dir='ltr'>atque</span> <span class='ocrx_word' id='word_1_95' title='bbox 379 1916 495 1979; x_wconf 91' lang='lat' dir='ltr'>uirtute</span> <span class='ocrx_word' id='word_1_96' title='bbox 526 1914 606 1997; x_wconf 91' lang='lat' dir='ltr'>ignis</span> <span class='ocrx_word' id='word_1_97' title='bbox 634 1913 728 1992; x_wconf 89' lang='lat' dir='ltr'>illius,</span> <span class='ocrx_word' id='word_1_98' title='bbox 759 1931 853 1995; x_wconf 89' lang='lat' dir='ltr'>quem</span> <span class='ocrx_word' id='word_1_99' title='bbox 877 1912 1019 1976; x_wconf 86' lang='lat' dir='ltr'>dominus</span> <span class='ocrx_word' id='word_1_100' title='bbox 1043 1910 1127 1975; x_wconf 88' lang='lat' dir='ltr'>misit</span> <span class='ocrx_word' id='word_1_101' title='bbox 1148 1911 1181 1974; x_wconf 94' lang='lat' dir='ltr'>in</span> <span class='ocrx_word' id='word_1_102' title='bbox 1205 1913 1331 1989; x_wconf 88' lang='lat' dir='ltr'>terram,</span> <span class='ocrx_word' id='word_1_103' title='bbox 1360 1910 1387 1970; x_wconf 91' lang='lat' dir='ltr'>et</span> 
     </span>
     <span class='ocr_line' id='line_1_14' title="bbox 256 2011 1387 2102; baseline -0.008 -19"><span class='ocrx_word' id='word_1_104' title='bbox 256 2021 362 2101; x_wconf 88' lang='lat' dir='ltr'>spinas</span> <span class='ocrx_word' id='word_1_105' title='bbox 390 2018 605 2102; x_wconf 86' lang='lat' dir='ltr'>neglegentiae</span> <span class='ocrx_word' id='word_1_106' title='bbox 628 2021 753 2081; x_wconf 89' lang='lat' dir='ltr'>nostrae</span> <span class='ocrx_word' id='word_1_107' title='bbox 776 2020 869 2098; x_wconf 89' lang='lat' dir='ltr'>atque</span> <span class='ocrx_word' id='word_1_108' title='bbox 892 2016 1026 2080; x_wconf 89' lang='lat' dir='ltr'>desidiae</span> <span class='ocrx_word' id='word_1_109' title='bbox 1050 2016 1081 2079; x_wconf 95' lang='lat' dir='ltr'>ui</span> <span class='ocrx_word' id='word_1_110' title='bbox 1105 2017 1235 2078; x_wconf 88' lang='lat' dir='ltr'>naturae</span> <span class='ocrx_word' id='word_1_111' title='bbox 1259 2011 1387 2095; x_wconf 89' lang='lat' dir='ltr'>potentis</span> 
     </span>
    </p>

    <p class='ocr_par' dir='ltr' id='par_1_4' title="bbox 205 2120 1108 2187">
     <span class='ocr_line' id='line_1_15' title="bbox 205 2120 1108 2187; baseline -0.006 0"><span class='ocrx_word' id='word_1_112' title='bbox 205 2149 229 2187; x_wconf 77' lang='lat' dir='ltr'>ra</span> <span class='ocrx_word' id='word_1_113' title='bbox 256 2126 363 2187; x_wconf 82' lang='lat' dir='ltr'>exurat</span> <span class='ocrx_word' id='word_1_114' title='bbox 386 2126 416 2186; x_wconf 83' lang='lat' dir='ltr'>et·</span> <span class='ocrx_word' id='word_1_115' title='bbox 439 2122 584 2186; x_wconf 87' lang='lat' dir='ltr'>tenebras</span> <span class='ocrx_word' id='word_1_116' title='bbox 607 2121 787 2185; x_wconf 89' lang='lat' dir='ltr'>dormientis</span> <span class='ocrx_word' id='word_1_117' title='bbox 810 2120 911 2183; x_wconf 90' lang='lat' dir='ltr'>cordis</span> <span class='ocrx_word' id='word_1_118' title='bbox 935 2120 1108 2183; x_wconf 91' lang='lat' dir='ltr'>inluminet.</span> 
     </span>
    </p>
   </div>
   <div class='ocr_carea' id='block_1_4' title="bbox 781 2309 862 2374">
    <p class='ocr_par' dir='ltr' id='par_1_5' title="bbox 781 2309 862 2374">
     <span class='ocr_line' id='line_1_16' title="bbox 781 2309 862 2374; baseline 0.012 -1"><span class='ocrx_word' id='word_1_119' title='bbox 781 2309 862 2374; x_wconf 84' lang='lat' dir='ltr'>LVI.</span> 
     </span>
    </p>
   </div>
   <div class='ocr_carea' id='block_1_5' title="bbox 469 2450 1172 2496">
    <p class='ocr_par' dir='ltr' id='par_1_6' title="bbox 469 2450 1172 2496">
     <span class='ocr_line' id='line_1_17' title="bbox 469 2450 1172 2496; baseline -0.004 0"><span class='ocrx_word' id='word_1_120' title='bbox 469 2456 545 2496; x_wconf 73' lang='lat' dir='ltr'>rm</span> <span class='ocrx_word' id='word_1_121' title='bbox 567 2454 642 2496; x_wconf 73' lang='lat' dir='ltr'>ALIA</span> <span class='ocrx_word' id='word_1_122' title='bbox 665 2454 784 2495; x_wconf 81' lang='lat' dir='ltr'>BURIGH</span> <span class='ocrx_word' id='word_1_123' title='bbox 808 2453 850 2493; x_wconf 78' lang='lat' dir='ltr'>An</span> <span class='ocrx_word' id='word_1_124' title='bbox 874 2453 966 2495; x_wconf 81' lang='lat' dir='ltr'>IPSUM</span> <span class='ocrx_word' id='word_1_125' title='bbox 989 2450 1172 2494; x_wconf 69' lang='lat' dir='ltr'><strong>EPISGOPUM.</strong></span> 
     </span>
    </p>
   </div>
   <div class='ocr_carea' id='block_1_6' title="bbox 197 2567 1383 3489">
    <p class='ocr_par' dir='ltr' id='par_1_7' title="bbox 252 2567 1383 2757">
     <span class='ocr_line' id='line_1_18' title="bbox 296 2567 1383 2655; baseline -0.005 -19"><span class='ocrx_word' id='word_1_126' title='bbox 296 2572 476 2636; x_wconf 88' lang='lat' dir='ltr'>Adsiduitas</span> <span class='ocrx_word' id='word_1_127' title='bbox 504 2572 736 2655; x_wconf 90' lang='lat' dir='ltr'>supplicantum</span> <span class='ocrx_word' id='word_1_128' title='bbox 760 2571 886 2654; x_wconf 91' lang='lat' dir='ltr'>supplet</span> <span class='ocrx_word' id='word_1_129' title='bbox 908 2570 938 2634; x_wconf 91' lang='lat' dir='ltr'>in</span> <span class='ocrx_word' id='word_1_130' title='bbox 963 2569 1052 2634; x_wconf 90' lang='lat' dir='ltr'>nobis</span> <span class='ocrx_word' id='word_1_131' title='bbox 1075 2569 1193 2653; x_wconf 63' lang='lat' dir='ltr'>gutiae</span> <span class='ocrx_word' id='word_1_132' title='bbox 1216 2567 1383 2633; x_wconf 88' lang='lat' dir='ltr'>communis</span> 
     </span>
     <span class='ocr_line' id='line_1_19' title="bbox 252 2671 1382 2757; baseline -0.005 -16"><span class='ocrx_word' id='word_1_133' title='bbox 252 2676 400 2757; x_wconf 85' lang='lat' dir='ltr'>officium,</span> <span class='ocrx_word' id='word_1_134' title='bbox 423 2680 460 2739; x_wconf 93' lang='lat' dir='ltr'>ut</span> <span class='ocrx_word' id='word_1_135' title='bbox 480 2676 548 2755; x_wconf 90' lang='lat' dir='ltr'>hoc,</span> <span class='ocrx_word' id='word_1_136' title='bbox 572 2676 654 2757; x_wconf 92' lang='lat' dir='ltr'>quod</span> <span class='ocrx_word' id='word_1_137' title='bbox 676 2677 779 2739; x_wconf 87' lang='lat' dir='ltr'>facere</span> <span class='ocrx_word' id='word_1_138' title='bbox 802 2674 971 2739; x_wconf 90' lang='lat' dir='ltr'>debeamus</span> <span class='ocrx_word' id='word_1_139' title='bbox 994 2694 1049 2756; x_wconf 88' lang='lat' dir='ltr'>per</span> <span class='ocrx_word' id='word_1_140' title='bbox 1072 2677 1201 2738; x_wconf 89' lang='lat' dir='ltr'>mutuae</span> <span class='ocrx_word' id='word_1_141' title='bbox 1217 2671 1382 2737; x_wconf 91' lang='lat' dir='ltr'>dilectionis</span> 
     </span>
    </p>

    <p class='ocr_par' dir='ltr' id='par_1_8' title="bbox 198 2776 1382 3280">
     <span class='ocr_line' id='line_1_20' title="bbox 198 2776 1382 2863; baseline -0.007 -17"><span class='ocrx_word' id='word_1_142' title='bbox 198 2809 225 2847; x_wconf 74' lang='lat' dir='ltr'>so</span> <span class='ocrx_word' id='word_1_143' title='bbox 251 2781 408 2861; x_wconf 86' lang='lat' dir='ltr'>affectum,</span> <span class='ocrx_word' id='word_1_144' title='bbox 438 2780 589 2844; x_wconf 87' lang='lat' dir='ltr'>faciamus</span> <span class='ocrx_word' id='word_1_145' title='bbox 619 2799 674 2863; x_wconf 94' lang='lat' dir='ltr'>per</span> <span class='ocrx_word' id='word_1_146' title='bbox 705 2783 848 2844; x_wconf 84' lang='lat' dir='ltr'>externae</span> <span class='ocrx_word' id='word_1_147' title='bbox 879 2779 1073 2843; x_wconf 87' lang='lat' dir='ltr'>necessitatis</span> <span class='ocrx_word' id='word_1_148' title='bbox 1103 2778 1280 2861; x_wconf 90' lang='lat' dir='ltr'>imperium,</span> <span class='ocrx_word' id='word_1_149' title='bbox 1314 2776 1382 2839; x_wconf 93' lang='lat' dir='ltr'>dnm</span> 
     </span>
     <span class='ocr_line' id='line_1_21' title="bbox 250 2881 1380 2967; baseline -0.005 -18"><span class='ocrx_word' id='word_1_150' title='bbox 250 2885 368 2950; x_wconf 80' lang='lat' dir='ltr'>adanae</span> <span class='ocrx_word' id='word_1_151' title='bbox 399 2883 567 2948; x_wconf 91' lang='lat' dir='ltr'>tribuimus</span> <span class='ocrx_word' id='word_1_152' title='bbox 596 2884 745 2967; x_wconf 90' lang='lat' dir='ltr'>petitioni,</span> <span class='ocrx_word' id='word_1_153' title='bbox 776 2883 859 2965; x_wconf 86' lang='lat' dir='ltr'>quod</span> <span class='ocrx_word' id='word_1_154' title='bbox 889 2883 1030 2966; x_wconf 87' lang='lat' dir='ltr'>propriae</span> <span class='ocrx_word' id='word_1_155' title='bbox 1061 2881 1173 2947; x_wconf 89' lang='lat' dir='ltr'>debere</span> <span class='ocrx_word' id='word_1_156' title='bbox 1195 2899 1252 2945; x_wconf 92' lang='lat' dir='ltr'>nos</span> <span class='ocrx_word' id='word_1_157' title='bbox 1276 2898 1380 2964; x_wconf 83' lang='lat' dir='ltr'>cogno</span> 
     </span>
     <span class='ocr_line' id='line_1_22' title="bbox 249 2985 1379 3067; baseline -0.005 -14"><span class='ocrx_word' id='word_1_158' title='bbox 249 2990 366 3053; x_wconf 88' lang='lat' dir='ltr'>scimus</span> <span class='ocrx_word' id='word_1_159' title='bbox 389 2988 522 3067; x_wconf 80' lang='lat' dir='ltr'>cantati,</span> <span class='ocrx_word' id='word_1_160' title='bbox 545 2992 581 3051; x_wconf 93' lang='lat' dir='ltr'>nt</span> <span class='ocrx_word' id='word_1_161' title='bbox 602 2989 679 3052; x_wconf 88' lang='lat' dir='ltr'>haec</span> <span class='ocrx_word' id='word_1_162' title='bbox 702 2989 877 3052; x_wconf 88' lang='lat' dir='ltr'>litterarum</span> <span class='ocrx_word' id='word_1_163' title='bbox 894 2986 1088 3051; x_wconf 87' lang='lat' dir='ltr'>necessitudo</span> <span class='ocrx_word' id='word_1_164' title='bbox 1112 2990 1196 3050; x_wconf 89' lang='lat' dir='ltr'>esset</span> <span class='ocrx_word' id='word_1_165' title='bbox 1219 3004 1255 3049; x_wconf 82' lang='lat' dir='ltr'>cr</span> <span class='ocrx_word' id='word_1_166' title='bbox 1277 2985 1379 3050; x_wconf 91' lang='lat' dir='ltr'>uolun-</span> 
     </span>
     <span class='ocr_line' id='line_1_23' title="bbox 249 3090 1378 3174; baseline -0.006 -16"><span class='ocrx_word' id='word_1_167' title='bbox 249 3096 313 3158; x_wconf 92' lang='lat' dir='ltr'>tate</span> <span class='ocrx_word' id='word_1_168' title='bbox 336 3092 572 3157; x_wconf 89' lang='lat' dir='ltr'>necessitudinis</span> <span class='ocrx_word' id='word_1_169' title='bbox 596 3091 737 3173; x_wconf 90' lang='lat' dir='ltr'>iocunda,</span> <span class='ocrx_word' id='word_1_170' title='bbox 761 3110 823 3157; x_wconf 90' lang='lat' dir='ltr'>non</span> <span class='ocrx_word' id='word_1_171' title='bbox 839 3110 913 3156; x_wconf 91' lang='lat' dir='ltr'>uero</span> <span class='ocrx_word' id='word_1_172' title='bbox 929 3092 1107 3157; x_wconf 87' lang='lat' dir='ltr'>calamitate</span> <span class='ocrx_word' id='word_1_173' title='bbox 1124 3090 1311 3174; x_wconf 87' lang='lat' dir='ltr'>deplorantis</span> <span class='ocrx_word' id='word_1_174' title='bbox 1334 3106 1378 3151; x_wconf 83' lang='lat' dir='ltr'>ex·</span> 
     </span>
     <span class='ocr_line' id='line_1_24' title="bbox 247 3195 1377 3280; baseline -0.006 -18"><span class='ocrx_word' id='word_1_175' title='bbox 247 3201 338 3262; x_wconf 89' lang='lat' dir='ltr'>torta.</span> <span class='ocrx_word' id='word_1_176' title='bbox 374 3201 492 3278; x_wconf 85' lang='lat' dir='ltr'>tamen,</span> <span class='ocrx_word' id='word_1_177' title='bbox 523 3198 596 3279; x_wconf 87' lang='lat' dir='ltr'>quia</span> <span class='ocrx_word' id='word_1_178' title='bbox 617 3201 822 3280; x_wconf 87' lang='lat' dir='ltr'>spontaneam</span> <span class='ocrx_word' id='word_1_179' title='bbox 845 3196 1000 3261; x_wconf 92' lang='lat' dir='ltr'>scribendi</span> <span class='ocrx_word' id='word_1_180' title='bbox 1023 3196 1221 3279; x_wconf 86' lang='lat' dir='ltr'>neglegimus</span> <span class='ocrx_word' id='word_1_181' title='bbox 1243 3195 1377 3279; x_wconf 91' lang='lat' dir='ltr'>gratiam,</span> 
     </span>
    </p>

    <p class='ocr_par' dir='ltr' id='par_1_9' title="bbox 197 3299 1377 3489">
     <span class='ocr_line' id='line_1_25' title="bbox 197 3299 1377 3385; baseline -0.008 -17"><span class='ocrx_word' id='word_1_182' title='bbox 197 3329 223 3368; x_wconf 74' lang='lat' dir='ltr'>as</span> <span class='ocrx_word' id='word_1_183' title='bbox 248 3302 355 3366; x_wconf 91' lang='lat' dir='ltr'>saltim</span> <span class='ocrx_word' id='word_1_184' title='bbox 384 3302 634 3385; x_wconf 88' lang='lat' dir='ltr'>praetermittere</span> <span class='ocrx_word' id='word_1_185' title='bbox 668 3320 730 3365; x_wconf 89' lang='lat' dir='ltr'>non</span> <span class='ocrx_word' id='word_1_186' title='bbox 765 3300 915 3365; x_wconf 89' lang='lat' dir='ltr'>debemus</span> <span class='ocrx_word' id='word_1_187' title='bbox 951 3302 1116 3384; x_wconf 84' lang='lat' dir='ltr'>ingestam.</span> <span class='ocrx_word' id='word_1_188' title='bbox 1169 3299 1298 3382; x_wconf 88' lang='lat' dir='ltr'>ideoque</span> <span class='ocrx_word' id='word_1_189' title='bbox 1329 3315 1377 3380; x_wconf 90' lang='lat' dir='ltr'>per</span> 
     </span>
     <span class='ocr_line' id='line_1_26' title="bbox 247 3399 1376 3489; baseline -0.006 -19"><span class='ocrx_word' id='word_1_190' title='bbox 247 3407 377 3470; x_wconf 86' lang='lat' dir='ltr'>fratrem</span> <span class='ocrx_word' id='word_1_191' title='bbox 407 3410 439 3471; x_wconf 90' lang='lat' dir='ltr'>et</span> <span class='ocrx_word' id='word_1_192' title='bbox 468 3405 745 3489; x_wconf 84' lang='lat' dir='ltr'>conpresbyterum</span> <span class='ocrx_word' id='word_1_193' title='bbox 775 3409 916 3470; x_wconf 81' lang='lat' dir='ltr'>nostrum</span> <span class='ocrx_word' id='word_1_194' title='bbox 940 3404 1143 3485; x_wconf 81' lang='lat' dir='ltr'>Maxentium,</span> <span class='ocrx_word' id='word_1_195' title='bbox 1175 3422 1267 3486; x_wconf 91' lang='lat' dir='ltr'>quem</span> <span class='ocrx_word' id='word_1_196' title='bbox 1295 3399 1376 3466; x_wconf 90' lang='lat' dir='ltr'>nobis</span> 
     </span>
    </p>
   </div>
   <div class='ocr_carea' id='block_1_7' title="bbox 350 3542 895 3613">
    <p class='ocr_par' dir='ltr' id='par_1_10' title="bbox 350 3542 895 3613">
     <span class='ocr_line' id='line_1_27' title="bbox 350 3542 895 3613; baseline -0.002 -15"><span class='ocrx_word' id='word_1_197' title='bbox 350 3543 378 3613; x_wconf 87' lang='lat' dir='ltr'>e]</span> <span class='ocrx_word' id='word_1_198' title='bbox 396 3542 493 3597; x_wconf 71' lang='lat' dir='ltr'>nacco.</span> <span class='ocrx_word' id='word_1_199' title='bbox 506 3546 548 3606; x_wconf 76' lang='lat' dir='ltr'>aa,</span> <span class='ocrx_word' id='word_1_200' title='bbox 561 3546 601 3599; x_wconf 83' lang='lat'>12.</span> <span class='ocrx_word' id='word_1_201' title='bbox 658 3543 702 3612; x_wconf 86' lang='lat' dir='ltr'>re]</span> <span class='ocrx_word' id='word_1_202' title='bbox 721 3542 785 3596; x_wconf 75' lang='lat' dir='ltr'>nuo.</span> <span class='ocrx_word' id='word_1_203' title='bbox 801 3544 841 3605; x_wconf 85' lang='lat' dir='ltr'>ra,</span> <span class='ocrx_word' id='word_1_204' title='bbox 853 3545 895 3598; x_wconf 75' lang='lat' dir='ltr'>ro.</span> 
     </span>
    </p>
   </div>
   <div class='ocr_carea' id='block_1_8' title="bbox 247 3659 1378 3821">
    <p class='ocr_par' dir='ltr' id='par_1_11' title="bbox 247 3659 1378 3821">
     <span class='ocr_line' id='line_1_28' title="bbox 289 3659 1378 3735; baseline -0.005 -15"><span class='ocrx_word' id='word_1_205' title='bbox 289 3664 443 3735; x_wconf 87' lang='lat' dir='ltr'>5dependo</span> <span class='ocrx_word' id='word_1_206' title='bbox 460 3683 484 3731; x_wconf 83' lang='lat' dir='ltr'>a,</span> <span class='ocrx_word' id='word_1_207' title='bbox 504 3663 702 3734; x_wconf 85' lang='lat' dir='ltr'>deponendoS</span> <span class='ocrx_word' id='word_1_208' title='bbox 751 3662 941 3721; x_wconf 75' lang='lat' dir='ltr'>tollitiumS</span> <span class='ocrx_word' id='word_1_209' title='bbox 991 3664 1168 3719; x_wconf 76' lang='lat' dir='ltr'>loomuniS</span> <span class='ocrx_word' id='word_1_210' title='bbox 1219 3659 1378 3732; x_wconf 71' lang='lat' dir='ltr'>postularet*</span> 
     </span>
     <span class='ocr_line' id='line_1_29' title="bbox 247 3750 1375 3821; baseline -0.001 -15"><span class='ocrx_word' id='word_1_211' title='bbox 247 3755 280 3807; x_wconf 87' lang='lat' dir='ltr'>lo</span> <span class='ocrx_word' id='word_1_212' title='bbox 302 3752 376 3821; x_wconf 90' lang='lat' dir='ltr'>peius</span> <span class='ocrx_word' id='word_1_213' title='bbox 399 3753 461 3820; x_wconf 75' lang='lat' dir='ltr'>Kr,</span> <span class='ocrx_word' id='word_1_214' title='bbox 482 3752 552 3821; x_wconf 87' lang='lat' dir='ltr'>peris</span> <span class='ocrx_word' id='word_1_215' title='bbox 576 3753 606 3818; x_wconf 81' lang='lat' dir='ltr'>S,</span> <span class='ocrx_word' id='word_1_216' title='bbox 628 3750 702 3820; x_wconf 89' lang='lat' dir='ltr'>longi</span> <span class='ocrx_word' id='word_1_217' title='bbox 724 3752 852 3821; x_wconf 89' lang='lat' dir='ltr'>temporis</span> <span class='ocrx_word' id='word_1_218' title='bbox 870 3752 968 3808; x_wconf 73' lang='lat' dir='ltr'>conta</span> <span class='ocrx_word' id='word_1_219' title='bbox 1039 3750 1375 3820; x_wconf 72' lang='lat' dir='ltr'>11s0pitisL1oetjoucna</span> 
     </span>
    </p>
   </div>
   <div class='ocr_carea' id='block_1_9' title="bbox 246 3837 1495 3908">
    <p class='ocr_par' dir='ltr' id='par_1_12' title="bbox 246 3837 1495 3908">
     <span class='ocr_line' id='line_1_30' title="bbox 246 3837 1495 3908; baseline -0.002 -17"><span class='ocrx_word' id='word_1_220' title='bbox 246 3839 394 3908; x_wconf 81' lang='lat' dir='ltr'>sospitisS</span> <span class='ocrx_word' id='word_1_221' title='bbox 446 3838 521 3892; x_wconf 85' lang='lat' dir='ltr'>nobis</span> <span class='ocrx_word' id='word_1_222' title='bbox 539 3856 579 3899; x_wconf 65' lang='lat' dir='ltr'>o,</span> <span class='ocrx_word' id='word_1_223' title='bbox 607 3837 743 3894; x_wconf 73' lang='lat' dir='ltr'>flantes</span> <span class='ocrx_word' id='word_1_224' title='bbox 795 3840 827 3893; x_wconf 84' lang='grc'>12</span> <span class='ocrx_word' id='word_1_225' title='bbox 846 3854 969 3893; x_wconf 87' lang='lat' dir='ltr'>amorec</span> <span class='ocrx_word' id='word_1_226' title='bbox 1022 3841 1054 3894; x_wconf 79' lang='lat'>15</span> <span class='ocrx_word' id='word_1_227' title='bbox 1072 3846 1099 3891; x_wconf 89' lang='lat' dir='ltr'>ct</span> <span class='ocrx_word' id='word_1_228' title='bbox 1116 3838 1180 3892; x_wconf 83' lang='lat' dir='ltr'>odd.</span> <span class='ocrx_word' id='word_1_229' title='bbox 1200 3838 1375 3907; x_wconf 61' lang='lat' dir='ltr'>Lampetusa,</span> <span class='ocrx_word' id='word_1_230' title='bbox 1494 3884 1495 3889; x_wconf 73' lang='grc'>,</span> 
     </span>
    </p>
   </div>
   <div class='ocr_carea' id='block_1_10' title="bbox 240 3923 1375 4081">
    <p class='ocr_par' dir='ltr' id='par_1_13' title="bbox 240 3923 1375 4081">
     <span class='ocr_line' id='line_1_31' title="bbox 244 3923 1374 3993; baseline -0.004 -12"><span class='ocrx_word' id='word_1_231' title='bbox 244 3926 339 3981; x_wconf 82' lang='lat' dir='ltr'>om.S</span> <span class='ocrx_word' id='word_1_232' title='bbox 388 3924 542 3993; x_wconf 88' lang='lat' dir='ltr'>inluminet]</span> <span class='ocrx_word' id='word_1_233' title='bbox 561 3924 622 3978; x_wconf 88' lang='lat' dir='ltr'>finit</span> <span class='ocrx_word' id='word_1_234' title='bbox 640 3925 743 3981; x_wconf 65' lang='lat' dir='ltr'>adue</span> <span class='ocrx_word' id='word_1_235' title='bbox 799 3927 830 3980; x_wconf 80' lang='grc'>17</span> <span class='ocrx_word' id='word_1_236' title='bbox 849 3924 974 3980; x_wconf 83' lang='lat' dir='ltr'>ruriciS</span> <span class='ocrx_word' id='word_1_237' title='bbox 1032 3926 1063 3981; x_wconf 89' lang='grc'>18</span> <span class='ocrx_word' id='word_1_238' title='bbox 1082 3923 1280 3993; x_wconf 87' lang='lat' dir='ltr'>supplicantum</span> <span class='ocrx_word' id='word_1_239' title='bbox 1299 3924 1374 3977; x_wconf 73' lang='lat' dir='ltr'>Laet-</span> 
     </span>
     <span class='ocr_line' id='line_1_32' title="bbox 240 4006 1375 4081; baseline -0.007 -14"><span class='ocrx_word' id='word_1_240' title='bbox 240 4013 356 4081; x_wconf 73' lang='lat' dir='ltr'>jonam,</span> <span class='ocrx_word' id='word_1_241' title='bbox 369 4012 548 4081; x_wconf 86' lang='lat' dir='ltr'>supplicatum</span> <span class='ocrx_word' id='word_1_242' title='bbox 563 4012 591 4079; x_wconf 87' lang='lat' dir='ltr'>S,</span> <span class='ocrx_word' id='word_1_243' title='bbox 605 4010 802 4080; x_wconf 85' lang='lat' dir='ltr'>supplicatuum</span> <span class='ocrx_word' id='word_1_244' title='bbox 814 4014 857 4066; x_wconf 79' lang='lat' dir='ltr'>cet</span> <span class='ocrx_word' id='word_1_245' title='bbox 869 4011 1075 4081; x_wconf 86' lang='lat' dir='ltr'>supplicantium</span> <span class='ocrx_word' id='word_1_246' title='bbox 1088 4012 1147 4066; x_wconf 78' lang='lat' dir='ltr'>ain</span> <span class='ocrx_word' id='word_1_247' title='bbox 1157 4012 1231 4066; x_wconf 82' lang='lat' dir='ltr'>notia</span> <span class='ocrx_word' id='word_1_248' title='bbox 1279 4013 1310 4065; x_wconf 87' lang='grc'>19</span> <span class='ocrx_word' id='word_1_249' title='bbox 1322 4006 1375 4061; x_wconf 86' lang='lat' dir='ltr'>olfi-</span> 
     </span>
    </p>
   </div>
   <div class='ocr_carea' id='block_1_11' title="bbox 243 4098 1375 4167">
    <p class='ocr_par' dir='ltr' id='par_1_14' title="bbox 243 4094 1495 4175">
     <span class='ocr_line' id='line_1_33' title="bbox 243 4098 1375 4167; baseline 0.001 -16"><span class='ocrx_word' id='word_1_250' title='bbox 243 4099 355 4155; x_wconf 80' lang='lat' dir='ltr'>tiumS</span> <span class='ocrx_word' id='word_1_251' title='bbox 424 4098 549 4152; x_wconf 89' lang='lat' dir='ltr'>debemus</span> <span class='ocrx_word' id='word_1_252' title='bbox 572 4100 641 4155; x_wconf 80' lang='lat' dir='ltr'>enai.</span> <span class='ocrx_word' id='word_1_253' title='bbox 660 4099 845 4154; x_wconf 76' lang='lat' dir='ltr'>Mornaweaue</span> <span class='ocrx_word' id='word_1_254' title='bbox 914 4114 961 4167; x_wconf 90' lang='lat' dir='ltr'>per</span> <span class='ocrx_word' id='word_1_255' title='bbox 983 4099 1045 4166; x_wconf 72' lang='lat' dir='ltr'>Kr,</span> <span class='ocrx_word' id='word_1_256' title='bbox 1067 4112 1145 4167; x_wconf 88' lang='lat' dir='ltr'>snper</span> <span class='ocrx_word' id='word_1_257' title='bbox 1168 4098 1375 4153; x_wconf 67' lang='lat' dir='ltr'>sunnonem</span> 
     </span>
    </p>
   </div>
   <div class='ocr_carea' id='block_1_12' title="bbox 242 4183 1373 4426">
    <p class='ocr_par' dir='ltr' id='par_1_15' title="bbox 242 4183 1373 4426">
     <span class='ocr_line' id='line_1_34' title="bbox 243 4183 1373 4252; baseline -0.004 -13"><span class='ocrx_word' id='word_1_258' title='bbox 243 4186 278 4239; x_wconf 82' lang='lat'>20</span> <span class='ocrx_word' id='word_1_259' title='bbox 295 4184 391 4239; x_wconf 79' lang='lat' dir='ltr'>affectu</span> <span class='ocrx_word' id='word_1_260' title='bbox 409 4187 594 4241; x_wconf 74' lang='lat' dir='ltr'>Mommeemas</span> <span class='ocrx_word' id='word_1_261' title='bbox 647 4184 796 4238; x_wconf 83' lang='lat' dir='ltr'>facimuso</span> <span class='ocrx_word' id='word_1_262' title='bbox 848 4186 881 4239; x_wconf 80' lang='grc'>22</span> <span class='ocrx_word' id='word_1_263' title='bbox 901 4183 1078 4252; x_wconf 81' lang='lat' dir='ltr'>necessitudo]</span> <span class='ocrx_word' id='word_1_264' title='bbox 1097 4198 1163 4251; x_wconf 85' lang='lat' dir='ltr'>quae</span> <span class='ocrx_word' id='word_1_265' title='bbox 1181 4184 1246 4237; x_wconf 81' lang='lat' dir='ltr'>add.</span> <span class='ocrx_word' id='word_1_266' title='bbox 1265 4184 1373 4239; x_wconf 81' lang='lat' dir='ltr'>Moram-</span> 
     </span>
     <span class='ocr_line' id='line_1_35' title="bbox 242 4268 1371 4340; baseline -0.005 -15"><span class='ocrx_word' id='word_1_267' title='bbox 242 4288 322 4325; x_wconf 77' lang='lat' dir='ltr'>uemss</span> <span class='ocrx_word' id='word_1_268' title='bbox 392 4274 427 4326; x_wconf 77' lang='lat'>23</span> <span class='ocrx_word' id='word_1_269' title='bbox 450 4288 503 4325; x_wconf 90' lang='lat' dir='ltr'>non</span> <span class='ocrx_word' id='word_1_270' title='bbox 526 4285 588 4325; x_wconf 88' lang='lat' dir='ltr'>nero</span> <span class='ocrx_word' id='word_1_271' title='bbox 609 4270 783 4338; x_wconf 77' lang='lat' dir='ltr'>Gustafaaoa,</span> <span class='ocrx_word' id='word_1_272' title='bbox 807 4286 875 4324; x_wconf 91' lang='lat' dir='ltr'>nouo</span> <span class='ocrx_word' id='word_1_273' title='bbox 897 4273 925 4340; x_wconf 82' lang='lat' dir='ltr'>S,</span> <span class='ocrx_word' id='word_1_274' title='bbox 948 4287 1001 4324; x_wconf 91' lang='lat' dir='ltr'>non</span> <span class='ocrx_word' id='word_1_275' title='bbox 1019 4286 1049 4324; x_wconf 85' lang='lat' dir='ltr'>ex</span> <span class='ocrx_word' id='word_1_276' title='bbox 1068 4271 1129 4337; x_wconf 82' lang='lat' dir='ltr'>Kr,</span> <span class='ocrx_word' id='word_1_277' title='bbox 1148 4285 1202 4323; x_wconf 92' lang='lat' dir='ltr'>non</span> <span class='ocrx_word' id='word_1_278' title='bbox 1219 4270 1292 4323; x_wconf 84' lang='lat' dir='ltr'>iuuet</span> <span class='ocrx_word' id='word_1_279' title='bbox 1310 4268 1371 4323; x_wconf 78' lang='lat' dir='ltr'>coni.</span> 
     </span>
     <span class='ocr_line' id='line_1_36' title="bbox 243 4357 932 4426; baseline 0.003 -15"><span class='ocrx_word' id='word_1_280' title='bbox 243 4358 435 4424; x_wconf 71' lang='lat' dir='ltr'>Mammenses,</span> <span class='ocrx_word' id='word_1_281' title='bbox 454 4374 524 4412; x_wconf 81' lang='lat' dir='ltr'>nona</span> <span class='ocrx_word' id='word_1_282' title='bbox 540 4378 557 4413; x_wconf 83' lang='lat' dir='ltr'>c</span> <span class='ocrx_word' id='word_1_283' title='bbox 608 4361 643 4413; x_wconf 84' lang='grc'>26</span> <span class='ocrx_word' id='word_1_284' title='bbox 661 4357 891 4426; x_wconf 87' lang='lat' dir='ltr'>conpresbiterum</span> <span class='ocrx_word' id='word_1_285' title='bbox 910 4358 932 4413; x_wconf 82' lang='lat' dir='ltr'><em>S</em></span> 
     </span>
    </p>
   </div>
   <div class='ocr_carea' id='block_1_13' title="bbox 0 0 1554 4892">
    <p class='ocr_par' dir='ltr' id='par_1_16' title="bbox 0 0 1554 4892">
     <span class='ocr_line' id='line_1_37' title="bbox 0 0 1554 4892; baseline 0 9"><span class='ocrx_word' id='word_1_286' title='bbox 0 0 1554 4892; x_wconf 95' lang='lat' dir='ltr'> </span> 
     </span>
    </p>
   </div>
  </div>
 </body>
</html>
