3100 4892
597 459 662 514 1111.
682 459 792 513 Sermo
810 462 834 514 9.
1224 458 1286 523 257

149 635 298 700 iudicium
321 653 394 701 cum
416 635 583 700 maiestate
605 639 784 700 uenturum.
832 635 873 700 sit
892 635 982 717 quasi
1003 636 1100 699 trium
1122 652 1288 698 munerum

148 739 263 805 oblatio
290 739 440 804 trinitatis
467 739 605 822 perfecta
632 738 797 804 confessio.
851 739 995 804 credatur
1022 757 1040 802 a
1067 737 1156 804 nobis
1183 739 1288 803 unitas

148 845 215 908 sine
243 843 425 909 confusione
451 845 630 924 coniuncta,
658 844 782 908 trinitas
809 843 877 907 sine
906 843 1102 926 separatione
1130 843 1287 908 distincta.

149 951 237 1031 pater
265 951 296 1011 et
322 947 406 1012 filius
434 951 466 1012 et
493 948 620 1030 spiritus
649 951 776 1011 sanctus
804 966 885 1013 unus
913 947 989 1011 deus
1016 947 1197 1028 credantur,
1225 951 1288 1012 tres

149 1069 300 1136 personae
316 1055 348 1117 et
369 1070 432 1116 non
455 1055 519 1117 tres
535 1050 738 1116 substantiae.
773 1055 927 1134 quantum
950 1054 1056 1116 autem
1077 1052 1117 1115 ad
1146 1051 1289 1116 caelestis
1328 1078 1341 1118 s

150 1160 279 1222 naturae
305 1157 447 1221 ordinem
476 1156 621 1239 pertinet,
652 1156 684 1220 in
711 1160 801 1239 patre
829 1159 861 1220 et
887 1151 952 1220 filio
980 1160 1013 1220 ct
1041 1156 1152 1239 spiritu
1180 1159 1289 1220 sancto

149 1261 192 1325 ita
214 1259 392 1326 confitenda
413 1264 463 1325 est
485 1278 548 1324 una
570 1260 729 1342 diuinitas,
756 1264 793 1324 ut
819 1279 877 1325 nec
904 1261 1071 1344 singularis
1103 1263 1230 1344 putetur
1256 1261 1289 1324 in

150 1365 288 1430 trinitate
303 1383 437 1448 persona
451 1383 509 1429 nec
523 1364 635 1446 triplex
652 1366 684 1429 in
707 1366 828 1430 unitate
851 1364 1039 1446 substantia,
1062 1365 1117 1429 sed
1141 1365 1185 1429 ita
1208 1364 1290 1428 adsi·

151 1473 263 1553 gnetur
286 1469 450 1553 pluralitas
465 1469 589 1550 unitati,
613 1489 652 1534 ne
669 1468 871 1534 subtrahatur
891 1470 1063 1551 aequalitas
1079 1469 1224 1549 trinitati,
1248 1473 1290 1548 et,

151 1574 222 1638 licet
243 1575 472 1639 intromittatur
494 1575 526 1638 in
542 1591 605 1638 una
620 1574 785 1639 diuinitate
800 1575 1019 1655 numerositas,
1042 1594 1104 1639 non
1128 1575 1169 1639 sit
1183 1578 1290 1638 tamen
1317 1601 1342 1640 ιο

151 1679 328 1761 recipienda
354 1678 527 1742 diuersitas.
578 1679 624 1743 ita
646 1697 720 1762 ergo
746 1678 885 1744 fidelium
914 1678 1058 1743 cordibus
1081 1678 1290 1762 disponendus

152 1783 199 1846 est
221 1782 272 1847 dei
299 1783 412 1863 cultus,
435 1786 555 1847 utnon
578 1782 763 1847 admittatur
786 1783 838 1848 uel
864 1785 896 1846 in
920 1784 1040 1847 unitate
1063 1784 1217 1867 separatio
1240 1783 1292 1847 uel

151 1888 181 1950 iu
203 1887 345 1951 trinitate
368 1887 541 1970 permixtio.

193 1991 341 2056 Proxima
356 1991 441 2055 eninr
461 1994 509 2056 est
532 1990 571 2055 ab
594 1992 653 2056 hac
673 1992 733 2072 die,
755 1991 868 2057 iratres
888 1993 1051 2073 carissimi,
1074 1993 1154 2056 sacri
1177 1993 1290 2057 natalis

153 2095 227 2159 dies.
262 2098 338 2159 ωηο
361 2094 505 2160 dominas
533 2099 706 2176 natusest,
735 2114 820 2160 nunc
847 2095 1033 2179 baptizatus,
1060 2101 1136 2161 ωηο
1158 2114 1214 2161 nos
1238 2116 1292 2180 ge·
1318 2121 1343 2161 ιο

153 2200 220 2264 nuit
242 2199 281 2263 ad
303 2199 413 2280 uitam,
437 2217 520 2264 nunc
539 2200 737 2283 regenerauit
759 2199 799 2264 ad
822 2200 966 2264 salutem.
1003 2205 1078 2265 ωηο
1097 2200 1201 2264 Adam
1224 2219 1292 2265 sus-

153 2305 234 2386 cepit
249 2304 417 2387 perditum,
441 2322 525 2369 nunc
546 2303 646 2368 abluit
668 2307 874 2388 peccatorem.
906 2305 994 2369 uenit
1017 2323 1090 2388 ergo
1112 2305 1152 2369 ad
1173 2303 1293 2388 baptis-

153 2427 250 2488 mum,
275 2408 356 2473 sient
378 2409 532 2491 scriptum
554 2413 611 2474 est.
637 2410 690 2473 sed
707 2407 781 2491 quid
805 2408 957 2490 ablueret,
980 2409 1116 2491 quierat
1135 2410 1292 2473 mundus?

154 2513 260 2595 utique
288 2515 325 2576 ut
352 2513 488 2576 mundus
517 2511 658 2577 ablueret
685 2513 863 2577 inmundos.
912 2513 1003 2576 illum
1031 2531 1105 2596 ergo
1132 2518 1293 2577 currentes

154 2634 253 2698 aquae
276 2619 352 2681 ωηο
375 2616 593 2696 infundebant,
624 2617 679 2681 sed
701 2620 829 2700 peccata
851 2620 959 2680 nostra
982 2636 1090 2681 secum
1112 2617 1290 2700 portabant.
1320 2645 1346 2682 ιο

155 2720 259 2785 ticillo
275 2724 383 2803 guttae
399 2720 600 2804 baptismatis
616 2719 766 2802 fluebant,
791 2722 844 2785 sed
865 2726 973 2786 nostra
988 2722 1020 2785 in
1043 2723 1141 2806 guttis
1164 2722 1295 2786 crimina

155 2823 342 2889 defluebant.
382 2843 400 2890 o
424 2825 634 2890 misericordia
659 2825 754 2890 simul
776 2830 809 2890 et
831 2827 973 2909 potentia
991 2826 1122 2890 domini!
1160 2826 1294 2890 necdum

156 2947 279 2992 eramus
306 2930 339 2993 in
363 2929 478 2995 mundo
502 2933 534 2994 et
560 2931 623 2993 iam
647 2929 852 2994 abluebamur
879 2930 912 2993 in
938 2929 1107 3013 baptismo.
1152 2929 1295 2994 mundati

199 3235 378 3301 lmagestate
391 3233 419 3286 P
469 3232 505 3286 sit
522 3233 604 3302 Aac,
623 3233 800 3299 sieDMoc,
818 3231 863 3286 scd
878 3233 905 3286 P
959 3230 1093 3288 aeblaaio
1112 3233 1293 3288 om.DMoa.

157 3344 280 3398 credatur
297 3360 312 3399 a
331 3343 407 3398 nobis
420 3344 501 3400 Dba's
554 3343 651 3414 ullnitas
664 3345 701 3414 D,
720 3361 773 3399 una
786 3345 813 3398 P
864 3343 1065 3399 3coniuasione
1077 3345 1116 3414 D,
1133 3311 1295 3400 confictione

156 3431 183 3487 P
197 3433 227 3498 (u
246 3449 319 3486 mora.
333 3433 391 3498 alt.)
444 3432 536 3484 iuncta
552 3432 580 3485 P
630 3432 762 3500 reparatio
780 3433 810 3487 D
862 3430 989 3485 distincta
1008 3433 1036 3485 D
1053 3433 1224 3500 (Mosam),
1243 3432 1296 3486 dis·

157 3543 287 3597 iunctaP
337 3544 495 3598 loredatur
508 3545 537 3599 D
589 3544 669 3600 5scd
687 3546 715 3599 P
765 3501 903 3613 caelestem
917 3544 993 3611 P(is
1004 3563 1076 3599 maa.
1089 3547 1149 3611 ult.)
1200 3548 1296 3600 lcon-

158 3629 269 3684 lidentcr
287 3631 326 3685 D¹
398 3631 492 3699 aneo]
512 3647 542 3683 ac
561 3633 590 3686 D
654 3631 818 3684 substantiae
837 3633 876 3684 D¹
945 3632 1083 3685 9unitate
1101 3633 1140 3684 D¹
1205 3647 1254 3699 nep
1272 3633 1300 3686 P

158 3718 271 3784 trinitati
294 3716 467 3771 subtrahatur
489 3718 635 3787 aequalitas
653 3720 681 3772 P
749 3718 903 3787 aequalilltas
926 3719 956 3772 D
1025 3719 1071 3772 sed
1091 3719 1118 3772 P
1187 3721 1220 3774 10
1241 3718 1297 3772 dei·

157 3835 210 3884 tate
229 3831 257 3884 P
310 3834 339 3886 ll
361 3829 549 3899 dispondemus
568 3832 598 3886 D
629 3789 700 3910 ‚12⁸⁶
703 3831 828 3884 mittatur
846 3833 875 3885 D
927 3831 1057 3899 separatio
1071 3832 1100 3885 D
1155 3835 1186 3886 13
1202 3832 1297 3901 pmia'ff·

158 3943 194 3996 tio
214 3943 243 3998 D
307 3945 338 3998 14
357 3947 397 3996 est
415 3944 507 3998 om.P
567 3911 639 3996 sacre
658 3945 685 3998 P
747 3947 779 3999 15
798 3943 840 3996 die
859 3945 886 3997 P
944 3952 1021 3996 natans
1041 3961 1061 3996 e.
1081 3943 1148 3998 d.P
1209 3944 1297 3997 babti-

158 4035 229 4084 zatus
252 4032 289 4099 D,
313 4031 420 4083 renatus
443 4031 471 4083 P
534 4046 582 4083 nos
605 4047 740 4100 cupream.
765 4033 794 4084 D
865 4034 897 4086 16
924 4031 1048 4100 salutem]
1076 4031 1296 4099 perfectissimam

160 4117 242 4171 uitam
261 4119 289 4172 P
349 4117 460 4186 suscipit
479 4119 507 4172 D
570 4121 601 4172 17
621 4117 698 4184 pditu
717 4119 745 4173 D
811 4117 974 4171 babtismum
993 4119 1022 4172 D
1086 4121 1118 4174 18
1136 4117 1252 4172 abluerit
1269 4119 1298 4172 D

161 4207 191 4258 19
209 4205 324 4259 abluerit
342 4223 375 4260 ccc
393 4205 508 4259 abluaris
527 4207 556 4260 D
620 4222 681 4274 ergo
700 4225 750 4262 om.
770 4207 799 4260 D
860 4208 895 4261 20
913 4208 991 4274 atque
1010 4207 1044 4267 P,
1062 4210 1157 4273 atquae
1176 4208 1205 4260 D
1257 4207 1297 4258 in-

160 4285 287 4372 tondebit
305 4319 333 4372 P
349 4319 379 4385 (n
396 4336 468 4374 mure.
482 4320 540 4386 ult.)
610 4321 642 4374 21
661 4319 832 4373 babtismatis
851 4321 881 4374 D
944 4318 1061 4371 cremina
1078 4319 1107 4372 D
1159 4321 1193 4374 22
1212 4319 1254 4372 dei
1273 4321 1301 4374 P

160 4405 193 4459 23
211 4403 347 4460 abluimur
366 4405 392 4459 P
442 4404 576 4459 babtismo
594 4423 627 4461 ec
644 4405 814 4460 babtismatis
833 4408 862 4460 D

210 4499 262 4542 XXI.
278 4500 352 4542 rausa
1111 4496 1142 4544 ll
