3100 4892
585 437 651 494 1111.
671 439 780 493 Sermo
799 437 840 494 22.
1219 435 1283 502 333

142 620 190 682 tot
210 614 338 682 uincula
359 616 442 681 circa
463 635 498 681 so
520 616 660 680 sentiens
684 633 798 699 negare
820 615 946 680 incertis
970 614 1064 679 tidem
1088 615 1200 680 statuit
1226 633 1284 679 neo

143 720 322 786 consentire
345 736 485 803 esposse
501 719 652 784 defininit.
691 722 726 783 ut
747 720 780 782 iu
804 719 932 783 lubricis
948 719 1075 802 quidem
1098 718 1191 783 malis
1214 718 1284 783 ideo

142 826 276 891 iocunda
298 827 476 906 creduntur,
509 825 584 908 quia
605 826 666 889 cito
688 825 777 888 uelut
804 828 931 888 ostenso
957 825 1004 888 sui
1027 823 1101 889 flore
1125 827 1284 907 pertrans-

142 934 229 1012 eunt,
263 931 340 995 haec
369 930 439 995 ideo
469 929 515 994 illi
544 930 646 1013 magis
679 932 825 1012 suspecta
856 932 955 1010 erant,
990 929 1063 1011 quia
1097 931 1283 992 sectatorem

143 1054 238 1100 snum
262 1036 364 1118 specie
387 1034 526 1118 capiunt,
554 1035 715 1117 uoluptate
742 1033 887 1116 perdunt,
915 1033 1075 1098 celeritate
1098 1032 1281 1097 destituunt.
1323 1059 1336 1097 s

185 1139 394 1204 considerans
416 1140 520 1221 itaque
543 1139 692 1202 uniuersa
706 1137 823 1202 saeculi
839 1137 1013 1220 praesentis
1036 1137 1142 1202 inania
1164 1140 1196 1200 et
1211 1141 1284 1201 aute

142 1243 249 1308 oculos
273 1261 345 1307 suos
368 1244 519 1327 colligens
542 1243 647 1325 eisque
670 1243 758 1306 uelut
781 1243 818 1306 de
842 1243 1013 1325 sapientiae
1036 1259 1106 1306 aree
1130 1242 1283 1324 despectis

143 1351 176 1411 et
199 1347 260 1411 sub
282 1351 481 1411 aeternorum
504 1347 735 1430 comparatione
762 1347 795 1410 in
823 1346 955 1410 nihilum
979 1346 1149 1429 repudiatis
1177 1364 1284 1409 secum

142 1451 226 1534 apud
249 1450 343 1515 fidem
367 1471 457 1516 suam
480 1451 653 1515 uoluntatis
676 1450 941 1514 consolationibus
966 1454 997 1515 et
1017 1450 1283 1516 conlocutionibus

142 1555 284 1619 infusum
312 1557 374 1620 iarn
403 1557 460 1619 deo
486 1559 595 1637 pectus
623 1553 770 1619 armauit:
800 1555 877 1619 uilril
905 1555 981 1619 mihi
1009 1556 1092 1619 ultra
1119 1573 1284 1618 commune
1312 1582 1337 1620 ιο

144 1661 312 1725 manifeste
336 1663 451 1740 tecum,
479 1660 598 1724 fallacis
626 1660 736 1724 mnndi
762 1658 863 1744 figura
889 1660 1091 1742 praeteriens.
1138 1659 1195 1722 hoc
1223 1677 1284 1722 uno

143 1783 258 1846 genere
278 1765 442 1846 adquiram
462 1764 626 1828 uictoriam
642 1763 884 1846 derelinquendo
901 1769 931 1827 to
947 1783 1005 1826 neo
1020 1764 1143 1827 incurso
1159 1782 1285 1827 rursum

144 1868 296 1931 damnum
325 1872 356 1931 et
378 1888 434 1950 per
456 1887 548 1932 usum
571 1869 619 1932 tui
640 1869 781 1950 palmam
809 1869 846 1931 de
871 1873 901 1932 te
924 1868 1027 1950 potius
1052 1868 1172 1950 capiam
1195 1885 1285 1951 prae-

142 1972 269 2035 iulsam.
315 1990 411 2053 quam
438 1972 516 2036 nihil
544 1991 578 2035 es
606 1978 637 2036 et
664 1976 816 2054 quautam
844 1973 1007 2055 aliquoties
1038 1973 1161 2035 danitas
1189 1977 1285 2036 terro-

142 2079 270 2140 norum!
309 2076 444 2141 multum
467 2077 632 2159 praecipis,
656 2076 730 2140 dum
753 2079 879 2156 teneriS,
902 2077 956 2140 sed
975 2077 1046 2158 plus
1063 2076 1185 2156 tribula,
1209 2077 1282 2140 dum
1313 2102 1337 2139 1⁵

141 2181 326 2264 repudiaris.
378 2185 549 2253 sectatores
584 2185 655 2245 tuos
690 2181 828 2263 adpetita
862 2183 1020 2264 captiuas,
1055 2184 1283 2263 contemptores

142 2289 213 2350 tuos
237 2285 385 2369 despecta
406 2285 562 2369 glorificas
586 2304 718 2369 magnas
741 2305 797 2368 per
819 2286 926 2350 odium
953 2303 989 2349 ac
1012 2285 1118 2368 fugam
1142 2286 1188 2348 tui
1210 2303 1284 2348 oon·

142 2390 248 2454 latura
271 2389 403 2453 diuitias.
446 2390 521 2471 quid
543 2391 654 2473 plura?
699 2390 781 2453 inter
803 2389 885 2452 uitae
909 2389 1002 2452 buius
1027 2390 1189 2472 naufragia
1211 2408 1285 2453 con-

143 2494 268 2557 clusum
298 2497 330 2557 et
360 2494 391 2556 in
423 2493 535 2556 mediis
558 2494 674 2557 saeculi
695 2491 843 2557 fluctibus
866 2495 1002 2576 positum
1033 2499 1065 2557 et
1095 2493 1182 2556 uelut
1212 2512 1283 2556 cnm
1325 2557 1336 2570 ,

142 2597 222 2661 Iona
243 2598 275 2660 in
298 2597 382 2661 illius
406 2597 606 2661 deuoratriois
630 2602 723 2679 atque
746 2598 882 2661 inmanis
906 2598 1023 2661 bestiae
1048 2597 1187 2660 lancibus
1211 2615 1284 2660 oon·
1310 2623 1337 2661 ao

143 2702 291 2765 stitutum
316 2702 355 2764 ad
377 2701 539 2766 dominnm
562 2702 599 2764 de
621 2702 775 2784 profundo
798 2703 987 2766 clamantem
1011 2705 1157 2766 sanctum
1177 2701 1284 2784 Augu·

143 2805 266 2868 stinum
296 2805 414 2869 inuitus
444 2805 518 2869 licet
540 2805 677 2869 mundus
712 2807 831 2869 euomit
864 2809 895 2869 et
923 2805 1113 2888 profectibus
1144 2806 1283 2869 omnium

144 2908 360 2989 ecclesiarum,
381 2927 513 2991 quarum
535 2910 725 2974 utilitatibus
740 2908 996 2992 praeparabatur,
1021 2909 1135 2972 emisit.
1166 2910 1286 2991 etquia

143 3013 222 3077 haec
243 3016 292 3076 est
312 3016 425 3077 natura
446 3014 584 3077 iustitiae
608 3019 702 3096 atquo
725 3013 860 3094 uirtutiS,
884 3017 928 3094 ut,
951 3016 1069 3094 quanto
1092 3012 1193 3077 studio
1217 3013 1284 3076 diu-

145 3117 210 3181 tius
234 3115 385 3180 abscondi
407 3121 503 3200 optat,
531 3121 618 3182 tanto
640 3117 754 3181 clarius
777 3117 953 3182 innotescat
976 3120 1007 3182 et
1030 3117 1195 3181 occultatio
1218 3119 1285 3199 ipsa
1311 3143 1337 3181 os

142 3220 278 3302 proditio
309 3221 363 3301 sit,
394 3221 512 3304 passim
540 3241 596 3304 per
625 3222 756 3305 populos
787 3221 911 3285 conseia
940 3224 1100 3286 tantorum
1130 3220 1283 3286 bonorum

143 3324 232 3388 fama
253 3322 406 3389 uolitabat
428 3329 460 3388 et
482 3326 575 3390 odore
598 3326 836 3390 amoenissimae
859 3324 1024 3390 suauitatis
1048 3325 1140 3409 longo
1159 3325 1284 3406 lateque

143 3428 295 3512 fulgebat.
320 3428 479 3493 eminebat
493 3430 588 3494 etiam
610 3429 643 3493 in
658 3429 769 3493 humili
784 3429 851 3493 looo
874 3430 906 3492 in
923 3428 1127 3494 admiratione
1143 3430 1284 3494 omnium

144 3533 234 3597 uelut
255 3533 368 3597 ciuitas
391 3551 485 3615 super
507 3533 660 3598 uerticem
682 3533 799 3597 montis
823 3533 962 3614 exposita
992 3551 1049 3596 nec
1071 3533 1133 3597 iam
1157 3533 1284 3596 lucerna

144 3640 268 3720 poterat
295 3637 394 3701 latore
424 3636 483 3701 snb
514 3637 616 3702 modio
647 3657 705 3702 neo
734 3637 943 3720 recipiebatur
977 3656 1034 3702 nec
1065 3637 1284 3702 continebatur
1310 3661 1336 3701 co

143 3741 228 3807 intra
248 3740 415 3806 latibulum
437 3759 531 3806 sunm
554 3741 714 3806 exundans
745 3741 846 3805 sidere
868 3742 976 3806 lumen
1000 3742 1192 3826 magnitudo.
1238 3741 1284 3805 sic

187 3951 205 4004 5
223 3945 363 4016 uoluptate
379 3948 485 4018 oeripoi,
503 3945 642 4002 uoluntate
659 3947 687 4002 P
738 3949 754 4003 7
772 3947 853 4019 archp
870 3949 898 4003 P
950 3947 1085 4018 dispectus
1096 3949 1124 4003 P
1177 3951 1207 4004 ll
1227 3965 1283 4002 ma-

145 4034 241 4090 nifesta
258 4037 348 4088 tecum
365 4036 473 4105 scripsi,
490 4033 648 4089 manifestae
666 4051 727 4088 cum
746 4035 774 4090 P
826 4037 858 4091 12
877 4034 963 4088 cinara
976 4035 1003 4090 P
1054 4035 1160 4088 incurso
1177 4036 1283 4104 scripsi,

145 4122 254 4176 incursu
272 4121 300 4175 P
363 4123 396 4177 18
414 4120 562 4190 dampnum
580 4121 608 4175 P
670 4122 702 4176 14
721 4120 803 4174 niolril
823 4121 850 4175 P
907 4128 972 4191 post
989 4123 1155 4175 terrenorum
1172 4123 1283 4176 cebron

144 4209 275 4265 addara
290 4208 401 4263 aidano·
453 4210 484 4262 17
496 4207 617 4277 dispecta
628 4208 656 4262 P
706 4209 740 4264 20
758 4208 848 4261 ionam
866 4209 894 4262 P
943 4210 977 4263 23
995 4209 1057 4276 qnia
1074 4207 1231 4264 haec-lia.
1249 4213 1282 4262 31

147 4294 315 4364 magnitudo]
334 4297 369 4364 cs.
388 4295 486 4350 Escaeb
503 4297 573 4351 bosra
592 4299 626 4349 34
648 4296 707 4363 (VI
724 4299 777 4349 655
794 4296 834 4362 D)
887 4296 921 4351 al
938 4287 1059 4348 iusticias
1076 4295 1105 4348 P
1154 4297 1186 4350 31
1207 4297 1282 4348 sic-

143 4399 170 4450 p.
182 4386 273 4451 3343
289 4381 390 4450 lotum]
408 4384 443 4451 cs.
457 4381 555 4437 anm
568 4383 638 4438 bona.
651 4385 686 4436 34
703 4382 762 4448 (VI
769 4381 876 4448 65413)
