3100 4892
494 432 720 502 Epistularum
736 433 820 488 lib.I
839 437 948 490 11-12.
1226 432 1291 499 365

148 609 265 691 geretis
289 626 359 672 earn
381 626 444 674 nou
465 626 522 690 pro
546 609 740 692 eloquentiae
761 611 877 694 lepore,
903 611 957 675 sed
979 629 1035 693 pro
1058 614 1162 676 uestro
1185 628 1290 675 amore

149 713 319 794 copiosam,
353 714 519 796 simulque,
553 715 627 796 quia
656 714 795 780 sciebam
825 714 1051 779 sublimitatem
1085 719 1224 780 uestram
1258 717 1291 779 in

149 817 262 880 amicis
296 819 411 882 uestris
439 819 512 900 plue
544 819 772 901 reprehendere
805 820 1027 884 taciturnitatis
1060 821 1290 901 uerecundiam,

150 939 248 1002 quam
270 921 433 1004 loquacem
454 923 680 988 familiaritatis
703 924 876 989 audaciam.

683 1079 756 1144 XII.

395 1222 505 1266 DOHNO
527 1223 678 1265 Puerorum
701 1223 751 1266 SUI
775 1223 872 1265 GELSO
896 1223 1050 1267 stomoma.

195 1337 329 1421 Trepido
351 1339 384 1403 in
405 1341 606 1422 praeconium
629 1344 771 1405 uestrum
794 1359 828 1406 os
852 1341 975 1426 elingue
990 1359 1139 1422 reserare,
1164 1343 1213 1406 cui
1229 1342 1292 1406 scio

149 1445 219 1506 iure
242 1445 340 1508 etiam
361 1445 487 1528 ingenia
508 1447 628 1510 maiora
650 1446 863 1510 succumbere.
899 1445 972 1528 quid
996 1447 1079 1512 euim
1102 1446 1239 1530 primum
1255 1446 1292 1510 de
1382 1437 1387 1449 '

151 1547 328 1612 affectionis
359 1553 413 1613 aut
446 1549 632 1634 dignationis
666 1553 790 1614 uestrae
824 1550 916 1614 laude
949 1568 1205 1630 commemorem,
1240 1550 1294 1632 qui

150 1669 263 1717 omnes
286 1653 364 1717 mibi
385 1654 476 1733 ruris,
499 1654 594 1718 moris
618 1658 658 1734 et,
681 1655 764 1736 quod
786 1654 835 1718 bis
859 1654 1004 1720 omnibus
1028 1656 1129 1720 maius
1154 1659 1211 1735 cst,
1243 1673 1294 1719 ca·
1322 1680 1346 1716 lo

150 1757 255 1820 nitatis
278 1755 403 1822 delicias
425 1759 611 1838 contulistis,
634 1761 690 1822 aut
711 1762 804 1839 certe,
829 1759 855 1822 si
878 1759 954 1840 quid
975 1759 1085 1824 borum
1110 1760 1218 1840 defuit,
1241 1759 1295 1823 de·

151 1860 331 1944 putandum
360 1862 504 1944 tempori,
535 1879 597 1926 uon
628 1862 718 1927 uobis
748 1866 798 1927 est
827 1863 1046 1946 inputandum.
1092 1882 1166 1928 narn
1193 1866 1295 1928 totum

153 1963 238 2046 apud
268 1983 334 2045 uos,
365 1964 448 2047 quod
477 1983 586 2030 carum
616 1969 736 2049 pectus,
768 1967 850 2049 quod
872 1967 983 2032 babuit
1005 1968 1123 2032 clarum
1147 1968 1294 2048 munduS,

150 2069 271 2148 inueni,
302 2069 389 2133 nulla
418 2088 470 2134 me
499 2070 625 2153 penitus
655 2071 848 2135 iocunditate
875 2071 1055 2136 fraudastis.
1102 2073 1295 2154 quinetiam

153 2171 360 2236 desiderabile
390 2173 467 2237 mibi
494 2174 649 2257 hospitioli
672 2175 917 2239 meidesertnm
940 2178 1047 2239 uestra
1068 2176 1225 2240 uicinitate
1248 2175 1295 2239 fe·
1322 2198 1347 2237 ιε

153 2277 252 2340 cistis.
299 2280 331 2340 et
360 2276 474 2341 idcirco
502 2296 554 2342 me
581 2279 682 2362 magis
704 2277 875 2343 finitimum
898 2279 987 2344 uobis
1013 2298 1081 2344 esse
1104 2280 1294 2364 congaudeo,
1395 2365 1397 2372 y

155 2381 314 2463 quianon
337 2399 373 2445 er
395 2384 461 2446 toto
484 2383 587 2446 malus
610 2386 668 2463 est,
692 2384 744 2465 qui
765 2382 857 2447 bonis
880 2384 1028 2468 iungitur.

199 2483 260 2550 Sed
291 2504 331 2549 ne
361 2485 503 2550 exhibeat
531 2486 620 2550 uobis
645 2487 744 2569 [esse]
767 2488 887 2571 ineptia
910 2488 959 2552 sui
981 2487 1101 2572 longior
1124 2505 1226 2552 sermo
1249 2488 1296 2552 ia·

155 2589 297 2668 stidium,
328 2589 414 2654 salue
444 2591 657 2675 largissimum
687 2591 755 2655 dico
787 2595 818 2656 et
844 2592 1017 2673 nitrarium,
1048 2591 1128 2656 sicut
1150 2591 1295 2672 iussistis,

155 2712 208 2757 me
224 2693 398 2758 destinasse
414 2694 564 2779 significo,
587 2696 675 2760 cuius
692 2713 769 2779 opus
785 2697 896 2777 nitore,
913 2714 975 2761 non
990 2697 1160 2780 fragilitate
1176 2699 1298 2779 oportet
1323 2721 1349 2760 eo

154 2797 307 2878 imitetur,
330 2801 365 2862 ut
383 2797 516 2880 ddectio,
540 2817 619 2881 quae
634 2799 723 2864 uobis
739 2800 954 2883 aparentibus
970 2801 1088 2882 relicta,
1112 2801 1297 2885 amagistro

155 2901 281 2982 tradita,
311 2903 395 2966 uitae
417 2903 637 2968 communione
659 2903 786 2968 firmata
808 2907 866 2984 eet,
894 2905 1037 2969 secundis
1062 2906 1215 2986 elimetur,
1244 2903 1298 2968 od·

156 3006 257 3070 uersis
287 3007 374 3071 nulla
403 3007 528 3089 penitus
557 3007 721 3072 turbinum
743 3009 880 3092 procella
903 3009 1074 3093 frangatur.
1122 3027 1196 3073 nam
1219 3009 1300 3073 sicut

157 3110 227 3174 auri
249 3113 344 3192 atque
367 3113 490 3195 argenti
511 3112 647 3194 pretiosa
670 3113 844 3192 sinceritas,
876 3113 902 3176 si
925 3114 1003 3177 acris
1027 3117 1082 3178 aut
1103 3113 1225 3196 plumbi
1247 3113 1298 3176 uel

155 3213 325 3278 cuiuslibet
346 3215 475 3279 alterius
498 3218 647 3281 materiae
669 3216 788 3281 uilioris
811 3217 914 3280 luerat
935 3217 1124 3282 admixtione
1143 3220 1298 3298 corrupta,
1325 3241 1350 3280 ee
1425 3301 1427 3308 y

156 3318 221 3382 nisi
241 3317 364 3402 ignium
386 3319 616 3384 examinatione
637 3324 799 3404 purgetur,
822 3339 881 3384 nec
904 3321 1102 3403 splendorem
1121 3321 1298 3386 naturalem

155 3422 272 3506 poterit
300 3422 416 3488 babere
443 3442 501 3488 uec
524 3441 646 3505 sonum,
677 3443 752 3489 nam
774 3443 833 3489 nec
855 3425 938 3489 uisui
960 3425 1134 3490 claritatem
1156 3444 1214 3490 nec
1237 3425 1299 3489 tin-

156 3526 262 3592 nitum
284 3527 385 3591 reddit
407 3527 528 3592 auditui
550 3529 714 3613 magisque
735 3546 866 3593 raucum
888 3532 1024 3610 resonat,
1056 3529 1082 3594 ei
1104 3529 1243 3610 feriatur,
1267 3531 1299 3592 et

157 3629 327 3695 stridulum
349 3650 540 3694 secessissem

201 3819 326 3923 Splai&
377 3855 608 3924 ‘lpreconiumS
658 3855 824 3926 elinguaeS
879 3859 912 3913 1o
930 3856 1024 3926 moris]
1042 3857 1095 3910 orie
1113 3857 1299 3913 occidendum

156 3942 269 3995 addetur
285 3958 309 4009 o,
327 3941 443 3994 nemoris
459 3943 511 3997 Kr.
567 3945 597 3999 ll
618 3942 765 3998 diliciasS
817 3945 850 3999 14
868 3944 1014 4015 penitusS
1066 3946 1098 3999 16
1116 3943 1301 4012 congaudioS

159 4030 192 4084 18
210 4026 288 4081 uobis
305 4026 386 4096 [cese]
404 4029 512 4097 ecs-ipsi,
528 4027 651 4082 nebesac
664 4031 694 4098 S,
713 4046 739 4083 u.
751 4029 810 4098 ipsa
822 4048 845 4098 o,
864 4029 940 4083 uobis
952 4046 998 4084 seu
1011 4031 1062 4084 Kr.
1117 4029 1169 4098 sui]
1188 4046 1233 4083 seu
1246 4031 1299 4086 Kr.

157 4117 192 4170 20
211 4112 395 4170 diatiumsaS
445 4118 477 4171 21
496 4133 564 4170 oum
580 4117 719 4170 imitemur
730 4117 925 4174 nectendam?
977 4123 1067 4172 aucte
1079 4117 1207 4186 magistro
1220 4135 1301 4172 omo

158 4201 193 4256 22
220 4207 284 4256 unta
308 4201 431 4256 eanum
449 4203 481 4256 io
503 4203 527 4257 S
546 4220 647 4257 recuro
666 4205 738 4258 2-3
764 4205 917 4258 litterulam
947 4209 1033 4258 aetat
1086 4204 1120 4258 23
1137 4203 1303 4272 paenitueS

159 4288 194 4340 24
211 4287 372 4355 preciosa&
440 4291 474 4344 25
492 4287 608 4344 iuerito
677 4293 712 4345 26
729 4293 895 4358 purgatura
964 4292 998 4345 29
1021 4291 1147 4346 lacunam
1164 4291 1301 4346 dedicauit

160 4373 344 4429 Mommcmua
