3100 4892
497 427 724 499 Epistularum
741 428 796 483 lib.
810 428 838 483 11
856 430 967 485 47-49.
1237 429 1300 493 431

63 594 66 600 ’
161 606 319 684 ascendet,
349 605 404 687 qui
432 604 582 687 pecuniae
609 622 684 669 suae
705 622 835 668 usuram
858 621 920 669 non
942 604 975 667 in
997 605 1155 686 praesenti
1179 604 1302 669 saeculo

161 727 180 773 a
202 710 341 793 proximo
370 727 426 773 suo
454 709 603 793 exegerit,
631 708 683 772 sed
708 726 727 771 a
749 708 874 772 domino
898 708 1109 791 expectauerit
1132 707 1163 771 in
1186 708 1299 772 futuro.

161 830 221 877 nee
235 832 291 897 per
307 813 414 878 dolosa
429 812 583 879 beneficia
596 814 725 895 laqueos
741 811 956 877 laborantibus
979 813 1066 877 inicit
1089 812 1303 877 insolubilium

161 916 351 999 debitorum,
374 919 429 983 sed
452 919 536 983 illius
560 923 609 982 est
631 919 788 982 fenerator
810 922 842 982 et
863 917 1004 998 creditor,
1028 918 1081 999 qui
1105 917 1194 981 dicit:
1219 918 1302 983 date

160 1026 199 1086 et
227 1022 379 1088 dabitur
409 1021 516 1087 uobis
544 1025 594 1104 et,
622 1040 692 1104 que
719 1038 894 1087 mensura
924 1021 1041 1087 mensi
1064 1021 1230 1102 fueritis,
1263 1040 1304 1086 ea
1342 1048 1355 1087 6

159 1127 384 1193 remetietur
406 1127 523 1192 uobis.

205 1231 345 1296 Infidelis
366 1233 473 1314 utique
493 1236 524 1296 et
543 1232 668 1313 iniquus
689 1236 737 1296 est
760 1232 854 1296 etiam
878 1230 948 1313 sibi,
972 1232 1025 1313 qui
1046 1232 1114 1313 hoc,
1137 1231 1218 1314 qnod
1241 1233 1303 1295 ele-

159 1337 209 1419 git
238 1336 536 1419 concupiscendum,
570 1354 633 1400 non
663 1337 733 1400 uult
765 1335 880 1401 habere
913 1340 1108 1418 perpetuum.
1158 1324 1324 1418 quamuis¹

161 1439 259 1520 enim,
282 1440 471 1523 quicumque
491 1441 593 1504 multa
608 1440 730 1520 condat,
755 1440 856 1504 multa
878 1445 1046 1523 congreget
1069 1445 1099 1505 et
1122 1439 1242 1505 infinita
1257 1441 1303 1504 di-

161 1545 261 1608 uersis
293 1544 570 1610 nundinationibus
602 1544 755 1626 adquirat,
786 1544 947 1609 mendicus
970 1545 1007 1608 de
1030 1544 1088 1610 hoc
1111 1547 1227 1610 mundo
1250 1545 1302 1609 de·
1331 1570 1356 1607 rc

161 1648 301 1729 scendet
323 1649 385 1713 nisi
404 1648 443 1713 de
464 1648 558 1713 rebus
582 1648 646 1713 suis
669 1649 844 1732 portionem
868 1666 958 1713 suam
975 1649 1013 1713 nd
1030 1653 1188 1713 aeternam
1205 1650 1304 1714 beati-

161 1753 306 1817 tudinem
329 1756 401 1817 ante
424 1752 631 1835 praemiserit,
659 1752 780 1817 dicente
804 1752 929 1817 domino
952 1772 1008 1834 per
1030 1754 1228 1837 prophetam:
1259 1774 1303 1818 ne

161 1858 354 1938 timueris,
378 1875 458 1922 cum
482 1856 587 1921 diues
609 1857 734 1921 faetus
756 1857 874 1921 suerit
895 1857 1003 1922 homo
1027 1862 1163 1921 etcum
1179 1859 1303 1922 multi-

161 1962 303 2044 plicata
322 1961 438 2025 fuerit
458 1961 586 2025 domus
607 1962 701 2042 eius,
722 1961 913 2043 quianon,
934 1978 1014 2025 cum
1035 1962 1227 2044 morietur,
1250 1981 1304 2026 re-

163 2066 279 2149 cipiet
311 2065 434 2129 omnia
465 2084 584 2147 neque
618 2065 730 2129 simul
764 2064 966 2129 descendet
999 2083 1081 2129 cum
1112 2084 1152 2129 eo
1182 2067 1303 2151 gloria
1330 2092 1355 2131 16

162 2170 293 2233 domus
324 2169 418 2249 eius,
454 2172 485 2233 et
513 2168 643 2233 iterum:
674 2169 907 2233 dormierunt
938 2187 1104 2233 somnum
1135 2188 1240 2234 suum
1268 2174 1304 2234 et

163 2272 260 2337 nihil
290 2274 519 2338 inuenerunt
546 2289 674 2336 omnes
705 2272 923 2338 diuitiarum
954 2273 991 2337 in
1019 2274 1190 2339 manibus
1214 2275 1302 2339 suis.

164 2376 217 2459 qui
247 2377 274 2440 si
302 2375 433 2460 benigni
463 2380 570 2441 essent
596 2377 720 2441 animae
743 2394 830 2457 suae,
861 2377 907 2441 illi
929 2377 1031 2459 potius
1054 2376 1304 2443 1666666616-

163 2480 284 2561 derent,
315 2481 367 2563 qui
396 2484 428 2545 et
449 2480 578 2545 idoneus
602 2480 765 2545 fideiussor
788 2484 837 2545 est
858 2499 1030 2564 pauperum
1054 2484 1085 2545 et
1106 2482 1303 2566 largissimus

162 2584 301 2649 redditor
330 2603 506 2649 usurarum.
552 2603 615 2649 non
647 2602 720 2669 erge
751 2584 882 2667 cupidus
913 2586 972 2665 sie,
1006 2586 1167 2651 carissime
1197 2587 1304 2667 frater,
1331 2611 1359 2651 ao

163 2706 248 2753 nunc
270 2689 408 2773 recipere
431 2689 463 2752 in
487 2688 591 2771 duplo,
615 2689 695 2771 quod
719 2689 864 2753 dominus
888 2689 1081 2753 redditurum
1105 2710 1138 2754 se
1161 2690 1305 2773 11111616-

165 2794 263 2858 mittit
286 2793 318 2857 in
342 2793 536 2876 centuplum,
559 2794 640 2857 unde
663 2811 721 2857 nec
737 2811 756 2857 e
770 2794 855 2857 tinec
877 2794 991 2877 poteris
1014 2794 1234 2876 pertimescere
1255 2814 1305 2859 en·

164 2898 347 2961 terminium
370 2916 428 2961 nec
444 2898 544 2961 afure
568 2897 736 2962 formidare
760 2897 968 2981 dispendium,
991 2898 1065 2979 quia
1081 2899 1147 2981 ipse
1163 2900 1305 2964 dominus

164 3006 271 3066 noster
295 3020 461 3066 munerum
485 3020 612 3066 suorum
635 3006 667 3065 et
689 3002 818 3085 largitor
842 3006 873 3066 et
895 3006 1000 3066 custos
1025 3006 1080 3067 est.

621 3226 848 3292 XXXXVIIII.

370 3386 557 3429 Arnuncuno
581 3387 730 3429 nriscoro
753 3386 899 3430 municius
922 3384 1100 3429 spiscopus

207 3521 319 3604 Exegit
340 3523 442 3586 mutui
464 3524 579 3587 amoris
602 3522 731 3587 effeetus
751 3522 790 3585 ad
805 3521 999 3587 indiuiduam
1015 3521 1090 3585 mihi
1106 3522 1306 3586 sanctitatem

165 3628 303 3689 uestram
326 3627 393 3692 sula
415 3645 451 3691 61
474 3645 569 3691 causa
590 3626 712 3691 litteras
728 3626 895 3707 destinare,
920 3626 1042 3691 etiamsi
1059 3644 1120 3691 non
1136 3644 1169 3689 se
1185 3626 1305 3691 occasio

208 3745 239 3815 6]
255 3745 320 3800 nuc.
337 3748 362 3809 6,
379 3748 421 3802 aa.
440 3745 537 3801 naen.
556 3749 580 3811 6,
597 3748 621 3802 a.
695 3746 740 3816 16]
758 3746 857 3801 roim.
875 3749 916 3811 66,
937 3748 977 3801 11.
1051 3745 1304 3816 1611611166.

164 3831 211 3902 61]
229 3830 326 3888 naun.
343 3834 384 3901 16,
396 3834 438 3889 66.
492 3833 538 3902 66]
558 3832 653 3887 natm.
668 3835 692 3897 6,
707 3836 746 3889 16.

210 3936 395 3993 1666661118
445 3936 638 3993 3166611168
687 3938 906 3993 5111666616618
957 3936 1143 3992 remitieturS
1195 3940 1227 3993 10
1239 3952 1305 3990 non-

165 4022 349 4077 dinotionibus
368 4024 392 4080 S
460 4024 604 4078 descendet
619 4025 720 4094 accipet
741 4022 1080 4091 6611.1166.15,11166611111
1103 4024 1132 4092 8,
1155 4022 1272 4077 discedet
1290 4042 1306 4078 6

164 4110 227 4178 Kr,
245 4109 360 4164 discedit
374 4110 559 4166 Mammosam
614 4114 643 4166 11
661 4111 860 4180 porcionemS
916 4109 1143 4166 latiniacense
1201 4114 1233 4165 15
1252 4109 1306 4163 dis-

164 4195 298 4251 6661118
359 4196 438 4251 17111
455 4198 729 4267 6668661618619.
783 4198 817 4252 20
836 4196 919 4251 116161
937 4196 1105 4251 carissimeo
1161 4198 1305 4251 2266111-

164 4282 209 4350 plo
231 4283 408 4353 Lemjotase
461 4284 570 4337 atinea
591 4301 615 4351 6,
639 4283 795 4338 erentes
844 4284 1038 4353 ptimiscereS
1088 4283 1308 4339 exterminumS

164 4370 199 4423 24
217 4371 330 4425 6116168
380 4368 431 4437 661]
450 4369 623 4426 1161161618
674 4374 708 4426 28
725 4369 766 4438 61]
787 4386 818 4421 ea
829 4372 897 4425 66661.
911 4372 1095 4425 Mommsenio
1148 4369 1308 4426 distinariS
