3100 4892
287 425 350 496 320
723 425 789 489 1111.
808 431 918 490 Sermo
936 430 978 491 al.

285 607 346 692 ipsi
368 606 483 674 debeas
499 607 671 694 indulgere,
693 607 776 696 (sed)
798 609 909 696 siquis
924 611 957 677 in
974 615 1005 678 te
1019 607 1207 696 peccauerit,
1231 609 1292 698 ipsi
1312 608 1414 679 debeas

285 717 410 781 ueniam
433 716 516 781 dare.
555 717 637 800 qnod
658 717 748 800 peius
771 721 829 799 est,
853 717 1050 801 aliquotiens,
1074 718 1182 801 quiin
1205 718 1295 784 nobis
1317 737 1415 803 pecca·

284 821 376 903 uerit,
406 825 463 886 eut
483 821 572 886 tarde
595 826 651 887 aut
673 819 799 887 difficile
823 823 949 887 ueniam
972 822 1094 904 damus,
1126 823 1180 906 qui
1206 823 1241 888 in
1268 823 1327 888 deo
1348 824 1415 888 deli·

284 926 395 1009 querit,
419 926 561 991 celeriter
582 927 791 1011 indulgemus.
830 926 885 991 sed
913 927 940 991 si
961 928 1108 992 nolumus
1131 928 1211 992 iuste
1239 945 1342 1012 agere,
1366 927 1413 1006 illi,

244 1055 257 1095 s
284 1030 392 1112 quiin
414 1031 472 1095 deo
495 1032 680 1115 peccauerit,
708 1031 777 1096 sine
800 1031 1001 1096 seuerissime
1029 1031 1219 1097 districtione
1241 1049 1305 1096 non
1331 1031 1414 1096 debe

283 1150 353 1199 mus
375 1135 502 1218 penitus
525 1135 696 1220 indulgere,
719 1154 770 1216 ne,
799 1135 875 1200 dum
902 1135 949 1200 illi
969 1155 1025 1219 per
1048 1135 1251 1201 indiscretam
1272 1137 1413 1219 pietatem

281 1239 461 1321 remittitur,
485 1240 663 1325 exemplum
685 1239 869 1323 perditionis
892 1239 962 1304 aliis
985 1239 1181 1324 praebeatur.
1220 1241 1254 1304 in
1277 1258 1334 1305 suo
1348 1257 1413 1324 erge

281 1361 315 1407 se
338 1344 552 1427 unusquisqne
574 1344 721 1410 ostendat
743 1345 942 1426 clementem,
966 1345 1040 1428 quia
1061 1345 1207 1410 dominus
1231 1345 1290 1410 ait:
1317 1345 1347 1410 si
1369 1344 1413 1408 di·

280 1448 462 1513 miseritis
496 1447 713 1514 hominibus
746 1452 903 1532 peccata
938 1466 1080 1529 eorum,
1114 1449 1281 1514 dimittet
1314 1447 1411 1513 uobis

231 1578 254 1616 to
279 1555 386 1634 pater
408 1556 535 1617 uester
557 1554 736 1619 caelestis
758 1557 913 1638 peccata
935 1557 1073 1618 uestra.

323 1655 452 1737 Quando
474 1675 550 1723 uero
571 1659 604 1723 in
627 1658 721 1723 deum
744 1658 858 1742 aliquis
878 1661 1042 1743 peccatum
1057 1657 1231 1742 praesumit
1246 1657 1410 1736 admittere,

279 1760 504 1828 districtionem
532 1761 626 1828 debet
653 1763 906 1828 monasterialem
934 1763 1096 1827 sustinere.
1136 1765 1168 1827 et
1195 1762 1254 1826 hoc
1280 1759 1358 1826 bono
1384 1763 1411 1824 et

277 1865 329 1947 pio
361 1866 465 1932 animo
496 1865 591 1932 debet
619 1865 698 1950 fieri,
728 1870 764 1932 nt
793 1867 925 1950 spiritali
952 1867 1158 1951 castigatione
1179 1866 1225 1930 ita
1247 1866 1410 1949 conigetur

277 1971 310 2034 iu
333 1969 391 2036 hoc
413 1973 548 2053 saeculo,
572 1976 608 2037 nt
630 1990 693 2037 non
714 1976 825 2056 pereat
846 1972 878 2036 in
900 1971 1015 2053 futuro,
1038 1971 1112 2053 quia
1132 1989 1224 2036 omne
1244 1973 1410 2054 peccatum,

228 2099 251 2139 1⁵
279 2075 362 2157 quod
384 2076 417 2140 in
440 2075 500 2141 lroc
522 2077 639 2142 mundo
662 2094 725 2141 non
747 2077 922 2160 conigitur,
944 2076 977 2140 in
1000 2076 1104 2140 futuro
1121 2075 1245 2140 saeculo
1261 2075 1408 2159 punietm.

277 2180 321 2243 sic
345 2181 429 2244 enim
452 2181 491 2245 de
513 2180 586 2262 tilio,
614 2181 653 2244 do
675 2199 766 2246 seruo
789 2181 896 2246 diuina
918 2181 1074 2264 scriptura
1095 2183 1332 2245 commemorat:
1358 2181 1407 2256 tu,

275 2284 388 2367 inquit,
418 2285 528 2369 uirga
556 2304 637 2350 eum
664 2285 790 2350 caedis
818 2289 854 2349 et
881 2285 1043 2350 animam
1065 2285 1171 2350 illins
1201 2283 1243 2348 de
1270 2283 1407 2348 inferno

275 2387 467 2455 liberabis.
505 2394 538 2456 et
560 2390 640 2472 ideo,
663 2390 745 2454 sicut
767 2407 862 2473 supra
885 2390 1038 2474 suggessi,
1061 2407 1123 2455 nou
1147 2389 1250 2453 solum
1273 2385 1405 2470 capitalia

276 2494 407 2558 crimina
428 2513 606 2576 caueamus,
630 2495 804 2559 sedetiam
828 2511 941 2578 parnas
965 2494 1181 2577 neglegentias
1201 2493 1311 2557 cotidie
1326 2491 1403 2574 quasi
1497 2531 1498 2547 .

221 2625 248 2664 so
274 2617 398 2663 uenena
419 2599 534 2664 diaboli
556 2618 752 2683 respuamus.
792 2604 868 2664 sunt
889 2600 975 2664 enim
998 2598 1150 2680 nonnulli,
1173 2599 1228 2680 qui
1251 2601 1321 2682 post
1341 2595 1403 2660 reli·

273 2703 374 2785 gionis
404 2703 642 2785 professionem,
672 2704 746 2787 qnia
775 2704 921 2768 uidentur
951 2703 1051 2767 exisse
1082 2702 1120 2766 de
1151 2702 1286 2782 saeculo,
1316 2699 1403 2765 nimia

273 2808 439 2872 securitate
463 2808 638 2889 solunutur,
662 2811 694 2872 et
715 2808 865 2891 impletur
888 2807 921 2871 in
943 2807 1006 2871 illis
1028 2807 1184 2872 sententia
1202 2806 1328 2886 domini,
1350 2821 1403 2885 qne

272 2911 400 2976 dicitur:
421 2912 564 2976 utinam
583 2912 746 2997 frigidus
767 2931 871 2977 esses
893 2915 956 2977 aut
975 2911 1131 2976 calidus.
1162 2929 1259 2975 nunc
1279 2913 1402 2986 autern,
1493 2985 1494 3013 ᾖ

272 3016 357 3098 quia
378 3017 529 3100 tepidus
550 3036 602 3098 es,
625 3017 803 3101 incipiam
824 3021 859 3081 te
880 3034 1051 3080 enomere
1072 3031 1193 3080 errore
1214 3032 1303 3079 meo.
1337 3011 1402 3095 qnid
1492 3089 1493 3100 ἵ

219 3144 246 3184 se
272 3124 331 3200 est,
360 3119 440 3203 quod
463 3121 551 3186 dixit:
578 3122 701 3185 utinam
724 3121 844 3185 calidus
873 3139 957 3184 esses
985 3123 1038 3184 aut
1066 3119 1219 3203 frigidus?
1256 3119 1314 3183 hoc
1342 3116 1402 3179 uult
1492 3101 1493 3129 ¹

271 3224 387 3288 dicere:
420 3225 533 3290 melius
560 3225 619 3291 tibi
645 3225 758 3306 fuerat,
787 3225 875 3290 utin
899 3224 1024 3290 saeculo
1047 3224 1253 3288 remansisses
1281 3220 1401 3306 frigidus

270 3332 325 3393 ant
350 3330 383 3393 in
410 3331 598 3394 monasterio
625 3331 740 3394 luisses
767 3329 918 3410 feruidus,
949 3347 1033 3393 nunc
1059 3333 1177 3408 autem,
1207 3328 1283 3410 quia
1313 3329 1342 3390 et
1369 3325 1401 3388 de

270 3435 394 3500 saeculo
427 3435 585 3499 recessisti
619 3439 651 3499 et
690 3435 864 3517 spiritalem
899 3435 1055 3498 feruorem
1089 3452 1144 3518 per
1177 3431 1401 3517 neglegentiam

269 3542 359 3603 tuam
390 3538 623 3623 apprehendere
651 3540 788 3620 noluisti,
820 3539 942 3622 tepidus
971 3539 1100 3603 effectus
1129 3557 1172 3618 es,
1205 3557 1243 3601 ex
1274 3555 1325 3602 ore
1352 3533 1400 3597 do·

218 3667 244 3706 so
271 3643 348 3706 mini
372 3643 423 3707 uir
446 3643 561 3708 iterum
583 3643 780 3726 recipiendus
804 3644 969 3708 enumeris.

371 3851 400 3920 8]
418 3850 515 3905 Matth.
528 3854 553 3916 6,
568 3853 607 3907 14.
663 3851 708 3920 17]
726 3851 862 3914 Prou.23,
877 3851 916 3906 14.
970 3849 1016 3918 23]
1034 3849 1117 3918 Apoc.
1130 3851 1154 3914 3,
1170 3853 1209 3905 15.

313 4041 617 4111 lindulgere-debeas
629 4061 680 4098 om.
697 4041 735 4098 Oc
787 4040 833 4096 sed
851 4041 959 4108 addidi,
971 4059 1022 4096 om.
1036 4041 1101 4096 tuost
1154 4042 1170 4094 6
1182 4039 1349 4108 penitnsoot
1364 4033 1399 4090 Co

266 4128 438 4199 Sostendct]
461 4145 517 4184 osse
538 4131 602 4185 cdd.
620 4130 647 4183 A
719 4131 752 4184 12
773 4128 844 4182 bono
864 4128 902 4197 et]
925 4127 1027 4181 bonum
1048 4127 1086 4183 Oc
1158 4128 1189 4181 19
1213 4119 1397 4194 neglegentias]

266 4231 332 4284 quae
349 4217 450 4272 udde
509 4219 544 4272 20
562 4216 723 4284 respiramus
745 4214 784 4271 Oc
844 4217 876 4271 21
896 4229 948 4283 que
969 4214 1007 4270 Co
1064 4215 1099 4269 22
1116 4213 1153 4266 eis
1173 4213 1220 4278 Oc,
1239 4211 1286 4266 ille
1301 4206 1397 4266 aaut

265 4305 300 4358 23
318 4301 420 4357 calidus
438 4319 508 4357 essee
526 4306 575 4356 eut
592 4302 708 4370 frigidus
725 4303 753 4356 A
824 4305 858 4358 24
876 4317 982 4356 uomere
1003 4301 1042 4356 Uo
1105 4303 1139 4356 25
1157 4315 1228 4354 esses
1246 4297 1343 4352 calidm
1363 4293 1397 4346 Oc

264 4387 315 4440 hoc
334 4389 549 4443 uult-feruidus
566 4407 616 4445 om.
634 4389 672 4443 Oc
723 4391 758 4443 27
776 4387 874 4442 fuisses
892 4407 943 4444 om.
956 4387 984 4442 B
1036 4389 1071 4443 28
1089 4387 1127 4456 et]
1146 4389 1237 4440 tamen
1255 4382 1353 4440 adde
