3100 4892
600 443 744 498 Libar'II
760 447 855 501 a-lo.
1254 442 1296 509 83

152 619 263 683 mnndi
285 619 467 703 improbitas
491 620 626 684 iustitiae
650 620 786 703 neglexit
811 619 997 703 exemplum.
1045 638 1080 683 ao
1103 619 1148 684 sic
1171 619 1297 684 inoboe-

150 724 266 787 dientis
289 727 416 788 accusat
443 726 565 788 reatum
596 728 637 805 et,
669 725 723 807 qui
752 724 873 807 placuit
894 742 949 807 per
972 720 1169 806 obsequium,
1194 725 1297 807 arguit

151 828 230 891 alios
257 828 382 909 placere
405 827 607 893 nihilominus
630 829 770 911 potuisse
794 847 849 910 per
873 828 1021 891 studium.
1068 831 1152 892 certe
1174 828 1296 892 nrdlum

150 933 182 995 in
205 932 262 995 illa
283 934 388 996 aetate
411 932 515 996 fatalis
538 932 719 997 constitutio
741 932 844 997 locum
869 931 987 996 habuit.
1035 950 1109 997 nam
1133 933 1205 1015 quia
1227 933 1296 997 uni·

150 1035 284 1100 nersalis
314 1036 418 1100 inerat
446 1036 620 1118 praemissa
650 1036 870 1120 transgressio,
899 1037 1087 1101 uniuersalis
1118 1040 1167 1101 ast
1188 1038 1296 1100 secuta
1334 1064 1347 1101 ⁵

151 1140 323 1204 damnatio.
368 1141 522 1222 quomodo
545 1140 633 1221 diois,
664 1141 746 1223 quod
774 1140 958 1204 adsumatur
988 1159 1069 1205 unus
1093 1144 1125 1205 ct
1146 1141 1224 1205 alius
1247 1160 1296 1205 rc-

151 1244 333 1327 linquatur?
377 1244 459 1323 uide,
488 1245 644 1326 quemad
667 1245 795 1309 modum
820 1248 948 1326 excepta
971 1244 1046 1309 iusti
1068 1245 1189 1309 familia
1211 1248 1295 1309 totus

151 1348 235 1413 orbis
257 1352 387 1432 cogente
410 1349 573 1431 iniquitate
596 1349 726 1414 deletur.
760 1349 838 1413 illud
862 1367 946 1433 ergo,
970 1349 1052 1431 quod
1076 1350 1199 1430 asseris
1224 1368 1295 1432 spe-

151 1454 229 1517 ciale
262 1454 422 1518 decretum
452 1454 626 1519 excluditur
655 1473 710 1536 per
740 1454 888 1537 generale
918 1454 1066 1518 iudicium
1098 1457 1139 1535 ct,
1166 1454 1217 1536 qui
1239 1470 1295 1536 pro

151 1556 353 1639 improbitate
376 1558 554 1638 damnatur,
578 1559 695 1623 bonnm
717 1558 821 1643 facere
844 1558 983 1641 potuisse
1006 1558 1210 1623 conuincitur.
1323 1582 1347 1623 ιο

702 1732 741 1796 Χ.

151 1876 191 1915 DE
215 1876 270 1933 uc,
293 1874 380 1922 Quor)
403 1876 551 1917 NATURAE
573 1875 679 1917 Lacum
700 1877 732 1917 IN
751 1876 848 1917 PRIMO
869 1876 990 1917 nonius
1010 1875 1170 1917 ASSERUN'P
1186 1876 1295 1917 INTER·

151 1962 218 2004 ISSE
241 1962 303 2004 NEC
318 1964 378 2003 PER
394 1962 549 2004 Posrnaos
565 1963 710 2005 aromaca
725 1963 828 2011 USQUE
842 1963 885 2003 AD
901 1963 1094 2005 SALUA'FORIS
1110 1963 1293 2006 andnuman.

192 2080 256 2145 Sed
287 2079 363 2143 dicis
395 2081 549 2144 naturalia
579 2080 664 2144 bona
696 2082 971 2145 commemoranda
1005 2100 1067 2145 non
1102 2100 1185 2161 esse3
1219 2080 1292 2162 quia

151 2188 224 2249 ante
256 2184 428 2249 aduentum
451 2184 568 2250 Christi
597 2203 795 2267 nequaquam
826 2190 936 2269 gentas
966 2186 1004 2249 ad
1037 2186 1171 2249 salutern
1198 2186 1294 2267 perti·
1322 2210 1346 2248 15

152 2291 259 2353 nuisse
291 2288 494 2353 manifestum
518 2292 576 2353 est.
621 2290 674 2371 qui
698 2293 843 2353 naturam
867 2290 898 2353 in
922 2289 1012 2353 bonis
1036 2290 1100 2353 suis
1124 2292 1219 2373 negat
1241 2289 1295 2353 de·

150 2392 223 2457 bere
249 2394 432 2477 praedicari,
462 2394 563 2457 nescit
584 2394 722 2475 profecto
748 2395 852 2477 ipsum
880 2398 1009 2458 naturae
1034 2397 1191 2458 auctorem
1215 2412 1294 2473 esse,

150 2500 202 2579 qui
224 2500 346 2583 gratiae
369 2502 427 2562 est.
460 2499 519 2563 boc
542 2498 594 2581 qui
616 2499 893 2581 inprudentissime
918 2502 1021 2581 negat,
1045 2501 1140 2581 negat
1163 2501 1293 2562 naturae

151 2602 269 2667 bonum
293 2607 379 2667 extra
401 2603 451 2666 dei
472 2603 630 2686 opificium
655 2607 686 2667 et
708 2608 764 2667 aut
786 2622 903 2667 numen
927 2602 1009 2684 quod
1033 2622 1101 2666 esse
1125 2602 1293 2667 arbitratur

149 2711 203 2772 ant
226 2708 339 2771 fatum.
385 2725 456 2770 cum
484 2725 559 2772 uero
590 2708 657 2790 ipse
688 2708 730 2771 sit
759 2707 911 2787 conditor,
939 2708 992 2789 qui
1015 2711 1184 2790 reparator,
1213 2725 1293 2771 unus
1320 2734 1346 2771 so

149 2811 294 2893 idemque
323 2812 355 2875 in
386 2812 548 2893 utriusque
571 2812 673 2894 operis
697 2812 786 2876 laude
808 2812 1012 2892 benedicitur,
1043 2830 1125 2875 unns
1149 2811 1293 2893 idemque

150 2916 182 2979 in
205 2916 370 2998 utriusque
393 2916 494 2998 operis
517 2916 682 2997 praeconio
706 2915 891 2980 celebratur.
927 2916 994 2980 iure
1010 2917 1114 2997 itaque
1131 2914 1294 2996 utriusque

149 3021 194 3082 rei
216 3038 332 3083 munus
361 3038 478 3100 assero,
509 3021 582 3102 quia
612 3039 662 3083 me
687 3020 734 3084 illi
757 3020 820 3083 scio
844 3020 966 3099 debere,
991 3019 1072 3102 quod
1097 3022 1293 3099 natussum,

149 3126 199 3187 cni
231 3123 339 3205 debeo,
370 3125 453 3206 qnod
475 3128 604 3189 renatus
628 3144 708 3188 sum.
755 3128 788 3188 et
809 3128 973 3208 propterea
996 3142 1058 3188 non
1081 3124 1149 3187 ideo
1172 3124 1293 3207 negabo

149 3228 317 3292 conditoris
341 3229 432 3308 dona,
459 3230 531 3310 quia
553 3229 682 3311 perdidi,
714 3229 768 3291 sed
792 3231 893 3311 priora
915 3228 981 3292 ideo
1005 3228 1207 3310 sequentibus
1232 3244 1293 3292 non
1320 3256 1346 3294 25

150 3332 339 3415 exaequabo,
370 3333 445 3416 quia
466 3334 681 3417 multipliciter
704 3333 737 3396 in
760 3334 873 3397 melius
896 3336 1041 3415 reparata
1064 3332 1195 3415 suscepi.
1243 3351 1293 3395 ex-

149 3438 259 3503 tollam
288 3437 441 3502 beneficia
468 3438 617 3519 creantis,
652 3438 708 3502 sed
737 3438 768 3501 in
799 3437 979 3501 inmensum
1009 3437 1183 3521 praeferam
1213 3437 1293 3500 redi-

149 3543 275 3608 mentis.

189 3646 239 3711 Nc
269 3648 299 3711 in
332 3647 392 3711 boc
419 3646 544 3728 quidem
571 3645 701 3711 uidebor
723 3646 878 3727 incautae,
903 3646 928 3710 si
951 3644 1109 3729 profitear,
1132 3646 1213 3727 quod
1237 3646 1293 3710 ali-

147 3751 295 3833 quotiens
318 3750 351 3815 in
375 3749 629 3834 dispositionibus
652 3752 767 3814 nostris
791 3768 853 3815 non
877 3750 1003 3832 quidem
1020 3750 1151 3815 inuitae
1168 3754 1292 3814 nostrae
1319 3777 1345 3816 ao

191 4019 406 4089 lneglaxaritv
457 4018 622 4073 oboedientia
640 4020 667 4073 P
717 4018 800 4086 2qui
817 4036 904 4075 omo
961 4016 1129 4087 obsequium]
1148 4018 1291 4073 studeto

147 4107 420 4177 'lquemammodum
439 4108 467 4161 P
535 4110 680 4175 Seogente
697 4108 724 4159 te
743 4107 770 4161 P
834 4104 967 4161 ciuditiu
987 4107 1014 4160 P
1076 4107 1107 4160 13
1130 4104 1242 4157 uicuisso
1265 4106 1292 4159 Ρ

151 4226 181 4278 16
197 4220 348 4291 praedicari
367 4218 496 4275 dabcrav
550 4222 582 4275 19
599 4186 697 4273 alimen
714 4220 742 4273 P
793 4221 824 4275 21
845 4218 984 4287 idemquac
1002 4225 1026 4273 et
1044 4219 1197 4285 utriusquae
1214 4223 1288 4271 alro-

147 4310 307 4379 paciaco?
356 4306 523 4362 laude-22
542 4307 628 4375 operis
645 4324 727 4362 onoc
779 4306 930 4373 abireque
943 4306 1097 4373 utriusquae
1111 4307 1138 4359 P
1188 4304 1288 4358 23scio

147 4395 186 4451 illi
203 4414 222 4451 u
275 4397 307 4450 29
325 4412 359 4449 ua
376 4393 416 4464 in]
435 4411 483 4448 nec
500 4413 518 4449 o
569 4393 708 4461 aliquoties
725 4394 754 4447 P

1099 4480 1131 4531 6*
