3100 4892
628 435 693 490 1111.
712 437 822 490 sermo
842 439 881 492 ra.
1121 395 1124 398 ’
1260 437 1324 503 295

183 613 266 694 quod
289 613 374 695 prius
397 617 485 694 pater
501 619 607 678 noster
624 613 765 678 diabolus
788 614 893 694 inerit,
916 633 952 678 ex
975 633 1107 697 persona
1123 615 1171 677 dei
1193 615 1323 697 loquen-

175 719 223 808 tis
248 719 287 781 ad
311 717 474 782 ecclesiam
498 718 662 800 psalmista
684 723 911 783 commemorat
933 719 1053 782 diceus:
1093 719 1195 799 audi,
1224 720 1322 801 lilia,

183 827 220 886 et
243 823 326 886 uide
350 827 385 886 et
403 823 544 887 inclina
567 842 691 887 aurem
717 827 817 887 tuam
840 829 876 888 et
898 823 1123 888 obliuiscere
1146 824 1323 907 populum

183 933 288 992 tuum
312 931 346 991 et
370 929 516 992 domum
539 929 660 1010 patris
683 929 746 992 tui.
782 928 974 992 considerate
991 946 1064 1011 argo
1079 929 1226 1010 primum,
1250 929 1323 1010 quid

182 1032 307 1096 dixerit:
342 1033 415 1096 audi
437 1032 510 1112 filia,
539 1033 647 1112 inquit.
693 1034 744 1114 qui
768 1033 857 1096 dicit:
892 1033 963 1096 andi
992 1031 1066 1113 filia,
1096 1037 1186 1116 pater
1215 1033 1322 1115 utiquo
1361 1059 1374 1099 a

182 1140 238 1200 est.
287 1155 359 1200 cum
382 1137 471 1200 dixit:
507 1136 690 1200 obliuiscere
717 1137 869 1220 populum
896 1142 986 1201 tunm
1011 1141 1042 1200 et
1068 1137 1197 1201 domum
1225 1138 1322 1220 patris

182 1242 239 1322 tui,
267 1246 388 1322 patrem
416 1242 522 1322 utique
546 1241 693 1304 admonet
720 1243 967 1323 relinquendum.
1013 1243 1185 1306 innitamur
1208 1260 1324 1324 ergoa

181 1347 239 1410 deo
268 1350 365 1428 patre,
393 1351 428 1408 ut
454 1344 548 1410 beata
570 1365 606 1409 ac
634 1347 717 1410 felici
741 1348 985 1410 commutatione
1013 1349 1136 1427 patrem
1163 1346 1322 1410 diabolum

180 1451 408 1532 relinquamus,
440 1449 521 1513 bene
544 1449 703 1514 diabolum
727 1455 849 1533 patrem
873 1451 1090 1532 relinquimur,
1114 1452 1140 1514 si
1163 1451 1219 1514 deo
1236 1449 1322 1513 auri-

178 1557 277 1619 liante
301 1555 503 1619 calliditatum
528 1558 559 1618 et
583 1556 735 1637 nequitias
760 1555 843 1618 illius
867 1555 966 1618 uitare
990 1573 1115 1636 semper
1138 1555 1188 1618 nel
1212 1555 1319 1638 fugere
1347 1583 1373 1622 uc

180 1660 374 1724 studeamus,

223 1764 312 1826 Haec
342 1783 414 1845 ergo
443 1765 557 1842 omnia,
588 1767 623 1826 ut
649 1765 686 1826 de
715 1767 798 1827 terra
825 1767 941 1844 nostra,
970 1764 1000 1826 id
1024 1767 1073 1827 est
1096 1764 1134 1826 de
1157 1781 1323 1827 conuersa-

180 1869 267 1932 tione
291 1867 408 1931 carnali
435 1867 591 1950 possimus
616 1868 695 1930 erirc
724 1873 756 1930 et
779 1868 995 1950 cognationem
1019 1872 1170 1946 nostram,
1193 1867 1251 1930 hoc
1275 1871 1322 1930 est

179 1973 258 2036 uitia
281 1975 312 2035 et
335 1976 463 2054 peccata
486 1973 660 2054 relinquere
685 1977 716 2034 et
739 1973 776 2034 de
800 1973 891 2036 domo
915 1972 1030 2035 ‹liuboli
1052 1972 1150 2054 patris
1174 1971 1321 2054 effugere,

178 2095 242 2140 nou
267 2077 381 2140 nostris
405 2075 533 2156 uiribus,
563 2078 615 2139 sed
641 2076 754 2140 Christi
779 2077 881 2159 gratia
904 2075 1039 2140 donante
1063 2076 1244 2139 meruimus.
1291 2081 1322 2138 et
1349 2101 1373 2142 1⁵

176 2181 258 2261 ideo,
282 2185 433 2263 quantum
457 2181 624 2262 possimus,
649 2199 720 2244 cum
742 2181 791 2243 dei
815 2181 965 2244 adiutorio
989 2179 1177 2261 laboremne,
1202 2199 1240 2244 ne
1265 2181 1321 2242 ite-

177 2305 250 2350 rum
274 2285 312 2348 ad
335 2285 525 2349 consortium
542 2286 591 2348 uel
617 2286 786 2350 amicitiam
810 2285 925 2350 diaboli
940 2285 992 2348 uel
1014 2285 1091 2348 uitia
1107 2287 1156 2348 uel
1180 2286 1320 2348 carnales

178 2391 447 2472 concupiscentias
478 2390 643 2453 redeamus
675 2395 800 2472 propter
831 2391 922 2470 illud,
960 2390 1042 2471 quod
1073 2390 1223 2472 scriptum
1258 2395 1319 2453 est:

177 2496 251 2558 iam
275 2512 389 2557 sanus
413 2475 535 2558 factus
560 2513 612 2573 ee,
640 2495 718 2557 noli
745 2513 916 2576 peccare,
945 2494 1100 2576 nequid
1128 2493 1197 2558 tibi
1220 2497 1321 2560 date-

177 2600 255 2662 rins
280 2599 365 2678 fiat,
389 2597 443 2661 sed
460 2598 606 2662 Abrahae
630 2598 723 2662 fidem
747 2600 849 2680 potius
873 2599 1024 2663 imitando
1048 2602 1080 2662 et
1103 2599 1185 2664 bona
1207 2601 1320 2682 iugiter
1348 2625 1373 2664 1ο

177 2722 274 2786 opera
295 2703 436 2767 faciendo
460 2721 521 2766 nou
539 2705 640 2766 solum
657 2705 695 2768 ad
712 2705 847 2783 ueniam,
872 2704 925 2767 sed
950 2705 1043 2767 etiam
1067 2703 1107 2766 ad
1130 2705 1320 2768 consortium

177 2809 228 2871 uel
253 2809 406 2871 amicitias
430 2809 478 2872 dei
510 2809 673 2890 peruenire
696 2810 864 2890 possimus.
910 2808 987 2872 illud
1015 2808 1109 2871 etiam
1134 2814 1320 2889 metuentes,

176 2913 260 2994 quod
284 2913 321 2975 de
345 2912 403 2976 hac
428 2913 536 2976 eadem
560 2933 592 2976 re
615 2912 788 2996 <domiuum
810 2914 932 2976 locutus
957 2917 1005 2976 est
1028 2914 1066 2976 ad
1082 2913 1224 2996 Moysen,
1248 2931 1318 2976 oum

176 3017 290 3100 grandi
318 3020 405 3080 metu
433 3021 464 3078 et
492 3021 624 3080 tremore
653 3018 848 3081 considerare
876 3017 1036 3080 debemus
1084 3019 1128 3080 sic
1151 3018 1236 3080 enirn
1259 3018 1319 3080 ait:

177 3141 275 3200 eum,
299 3122 410 3202 inquit,
440 3121 640 3185 tradiderit
670 3121 775 3185 uobis
807 3122 977 3185 dontinus
1008 3127 1147 3184 terram
1179 3120 1320 3184 Chauc-
1346 3147 1373 3186 es

177 3245 369 3305 naeorum‚
398 3229 544 3304 cauete,
569 3245 611 3288 ne
635 3243 809 3306 umquam
832 3245 912 3289 oum
941 3225 1220 3289 habitatoribus
1249 3230 1320 3288 ter-

176 3349 237 3393 rae
267 3330 371 3394 illins
399 3329 568 3412 iungatis
596 3330 800 3408 amicitias,
828 3348 922 3410 quae
949 3329 1056 3393 uobis
1084 3330 1159 3392 sint
1185 3330 1221 3393 in
1249 3330 1319 3393 rui·

176 3455 270 3499 narn.
319 3454 389 3498 oum
414 3455 469 3517 per
492 3435 628 3517 gratiam
656 3434 804 3518 baptismi
827 3453 846 3497 a
873 3435 964 3498 uobis
987 3435 1092 3498 omnia
1115 3435 1246 3498 crimina
1269 3434 1319 3497 uel

175 3545 306 3623 peccata
329 3541 458 3623 expulsa
481 3559 549 3603 esse
573 3541 746 3620 credamus,
776 3540 802 3602 si
828 3545 938 3622 postea
961 3559 1032 3602 curn
1060 3539 1135 3622 ipsis
1160 3539 1244 3601 uitiis
1268 3538 1319 3601 uel

280 3712 308 3780 2]
329 3711 427 3766 Psclrn.
440 3715 483 3776 11,
499 3714 538 3766 11,
589 3711 632 3779 111]
651 3711 742 3764 loann.
757 3716 782 3774 ὃ,
797 3715 837 3766 11.
885 3712 930 3780 25]
950 3712 1066 3774 111117,
1082 3715 1109 3774 1;
1128 3710 1208 3764 Enod.
1221 3713 1263 3776 34,
1278 3713 1318 3766 12.

220 3867 378 3925 idiabulus
397 3870 425 3922 D
479 3868 605 3936 5inquid
626 3869 654 3922 D
706 3869 947 3924 8commotatioue
965 3869 995 3922 Ι)
1049 3867 1186 3920 diabolum
1206 3869 1318 3924 111111-

176 3975 224 4025 quc
242 3959 300 4011 loeo
368 3958 399 4010 12
418 3961 444 4008 to
464 3957 492 4008 D
559 3957 590 4010 11
609 3955 756 4023 relinquere
776 3959 856 4024 Aba,
876 3955 1056 4022 relinquamus
1076 3955 1105 4008 D
1170 3953 1272 4006 diabuli
1291 3956 1320 4008 D

176 4047 208 4098 17
227 4041 327 4096 diabuli
343 4043 372 4096 D
426 4046 458 4098 ts
478 4043 704 4110 concupiscentias
722 4060 755 4098 erc
774 4043 1048 4110 ‹torroupiseentinrunr
1062 4043 1091 4095 D
1144 4041 1276 4093 rediemus
1290 4042 1319 4096 D

175 4134 208 4185 ‘20
229 4130 344 4182 habreac
369 4131 398 4183 D
468 4129 558 4198 portius
583 4131 610 4184 D
682 4128 816 4182 erudiendo
840 4131 869 4182 D
939 4133 972 4182 ‘2⁸3
1001 4130 1148 4180 irretueutes
1171 4146 1221 4183 om.
1245 4131 1316 4197 Aicq.

173 4219 208 4272 23
227 4217 352 4269 dontinus
372 4219 453 4286 utriq„
473 4235 522 4272 oni.
545 4218 572 4269 D
637 4219 668 4270 21
690 4220 804 4268 trcrnore
824 4219 905 4284 ⁴dim,
925 4233 1013 4267 anrrrre
1032 4217 1061 4268 D
1126 4217 1157 4268 25
1177 4214 1269 4282 inquid
1289 4216 1318 4268 D

174 4303 277 4356 chanan
297 4303 358 4354 corii
379 4303 409 4358 D
461 4303 656 4358 araundel)
710 4303 1094 4371 2811111111111111111.,111(].
1149 4301 1319 4358 babtismiD

175 4390 293 4445 cremina
312 4389 341 4444 D
