3100 4892
626 432 724 488 Liber
740 432 770 487 ΙΙ
788 434 865 489 6-8.
1272 428 1314 495 75

175 614 330 679 hocloco
359 611 531 694 iniqnitatis
561 610 701 690 assertio,
734 627 814 692 qnae
843 608 877 673 in
903 608 972 691 ipsa
993 607 1168 671 conditione
1191 609 1313 689 partem

174 718 304 782 humani
334 717 456 801 generis
482 715 665 780 damnatam
687 714 843 796 loquatur,
873 713 1049 777 interserat.
1088 730 1197 775 causas
1228 728 1313 792 uero,

174 843 227 888 cnr
250 823 345 887 Iacob
368 821 511 886 dilexerit
533 820 610 885 deus
633 823 664 884 et
685 819 771 883 Ilsau
794 818 864 883 odio
887 815 1042 896 habuerit,
1070 814 1228 881 euidenter
1251 814 1313 879 Ge·

174 945 283 992 neseos
307 925 460 1010 expressit
480 922 621 1005 historia,
643 927 679 988 ut
700 924 865 1007 intellegas
888 940 951 987 non
967 922 1033 986 sine
1050 938 1178 1002 epemm
1194 919 1313 983 disem-

174 1033 260 1097 sione
291 1049 350 1095 neo
380 1032 448 1095 sine
478 1030 597 1094 ratione
626 1028 792 1111 perspicua
822 1027 968 1091 diuinitus
999 1024 1247 1108 pronuntiatum,
1278 1026 1313 1087 ut
1351 1052 1364 1091 e

172 1137 255 1201 Esau
279 1136 359 1217 odio,
382 1134 475 1200 Iacob
498 1138 604 1198 autem
626 1132 792 1197 dilectione
808 1132 856 1195 dei
872 1131 984 1215 dignus
1004 1128 1179 1194 haberetur.
1219 1144 1313 1209 appe-

171 1244 304 1306 ruernnt
332 1241 425 1324 plane
454 1240 487 1304 in
518 1238 585 1303 uita
606 1237 700 1302 Iacob
731 1236 891 1301 euidentes
913 1252 1036 1314 causae,
1064 1251 1144 1314 quae
1166 1231 1311 1296 iudicium

295 2248 434 2339 <course
456 2270 528 2329 noc,
552 2269 637 2317 ouon
659 2269 790 2312 nrouu'r:
814 2268 915 2311 ronne
938 2269 1043 2309 nnnun
1066 2244 1177 2329 nunu).

214 2440 222 2453 .
269 2440 275 2453 .
434 2440 440 2452 .
488 2440 494 2452 .
542 2386 641 2451 ,sub
664 2391 699 2451 te
723 2388 794 2451 erit
817 2387 1010 2470 appetitus
1032 2385 1110 2449 eius
1134 2390 1170 2450 et
1191 2389 1229 2449 tu
1253 2385 1310 2449 do-

169 2493 375 2558 minaberis
398 2494 512 2557 illius,
549 2510 611 2555 non
635 2492 833 2575 superposuit
851 2490 970 2555 bomini
989 2494 1154 2574 peecatum
1174 2490 1231 2554 sub
1252 2490 1311 2554 hac
1338 2518 1362 2559 rs

168 2598 370 2662 ordinationis
394 2615 469 2661 suae
492 2598 572 2680 lege,
596 2596 650 2661 sed
674 2596 819 2661 subdidit.

212 2703 292 2766 llcce
314 2702 475 2785 piissimus
499 2700 675 2765 moderator
696 2718 882 2783 generosam
909 2719 978 2765 esse
1001 2700 1128 2782 cupiens
1156 2700 1309 2763 lecturam

167 2826 259 2872 suam
284 2808 378 2871 etiam
401 2810 472 2889 post
493 2807 617 2870 ruinam
639 2806 832 2885 inclinatam,
861 2805 936 2869 lieet
957 2804 1091 2869 hominis
1114 2805 1310 2868 uoluntatem

165 2913 263 2976 totius
295 2911 449 2994 passionis
483 2914 514 2975 et
543 2910 813 2991 concupiscentiae
841 2928 902 2973 non
929 2910 1082 2973 famulam
1112 2909 1201 2974 iubet
1231 2928 1309 2991 esse,

166 3016 223 3080 sed
246 3015 416 3095 dominam,
440 3014 609 3078 seductoris
634 3014 685 3078 uel
708 3014 878 3077 amicitiem
903 3014 953 3077 uel
976 3014 1135 3095 repulsam
1157 3014 1190 3077 in
1213 3032 1309 3078 manu
1335 3040 1362 3079 so

164 3121 303 3185 hominis
330 3120 556 3203 poenitetque
585 3119 618 3182 in
642 3120 707 3183 eins
729 3119 842 3183 iudicio
866 3119 1048 3183 conlocauit.
1088 3119 1211 3183 uidetur
1242 3120 1309 3201 qui-

165 3225 239 3289 dem
275 3225 436 3306 utriusque
471 3224 572 3306 operis
603 3224 776 3306 appetitum
808 3224 952 3288 electioni
985 3224 1084 3307 ipsius
1117 3224 1309 3305 permisisse,
1422 3262 1427 3271 ·

164 3330 222 3394 sed
245 3330 325 3409 ideo,
346 3332 383 3392 ut
404 3329 480 3392 meli
502 3329 630 3392 lieentia
651 3328 726 3394 boni
748 3328 838 3394 fieret
864 3330 971 3413 gloria.
1011 3330 1066 3393 sed
1089 3328 1156 3393 sub
1180 3332 1215 3394 te
1239 3330 1309 3393 erit

272 3518 317 3587 14]
336 3517 402 3572 Gen.
420 3521 446 3581 4,
459 3520 482 3572 1.

206 3690 430 3759 eloquebature
482 3693 626 3760 3quurP
676 3708 804 3761 geneseus
817 3695 844 3747 P
894 3694 1074 3763 dexpraessit
1087 3695 1115 3748 P
1168 3695 1209 3764 ut]
1228 3710 1309 3764 quoe

160 3783 177 3835 6
201 3795 283 3832 eseau
301 3780 329 3833 P
380 3782 395 3834 7
414 3778 489 3833 ioeob
508 3781 536 3834 P
586 3783 682 3849 Spoet
700 3780 830 3834 iudicium
850 3782 988 3851 permulta
1010 3782 1179 3838 intercidtsee
1200 3784 1307 3840 demore-

159 3868 256 3923 etraui
282 3867 313 3921 be
339 3867 409 3923 labro
431 3864 559 3923 ‘Studien
581 3869 647 3922 Iber
669 3868 714 3922 die
736 3870 876 3937 Schriften
903 3869 948 3924 des
971 3868 1101 3925 Fateatue'
1121 3886 1187 3940 pap.
1205 3876 1240 3925 10
1256 3889 1309 3941 ep.;

160 3952 268 4008 domini
286 3956 389 4007 rectum
407 3953 568 4008 omnimodis
591 3958 724 4019 asserant,
747 3954 818 4008 sicut
836 3954 900 4009 Cain
920 3954 1019 4009 dicitur
1036 3956 1099 4011 add.
1119 3975 1136 4011 o
1222 3961 1238 4012 9
1256 3976 1307 4013 raro·

160 4057 252 4097 meroe
270 4040 333 4094 VII
346 4046 370 4094 ct
390 4040 468 4095 VIII
486 4048 511 4095 ct
528 4042 611 4096 uerbo
629 4040 859 4109 quid—maneret
876 4049 956 4111 atque
973 4042 1189 4098 eontra-adam
1208 4045 1307 4100 addidi

158 4127 391 4195 recapitules-om
406 4127 496 4181 indice
551 4129 582 4182 14
601 4128 758 4197 apetitusP
811 4132 842 4184 15
861 4128 1000 4199 hominio,
1017 4130 1153 4183 hominem
1166 4131 1193 4184 P
1244 4130 1305 4201 hec]

159 4230 190 4268 ac
210 4213 242 4267 P
310 4215 343 4268 16
361 4211 541 4266 ordinationes
559 4214 596 4267 Ρι
669 4216 701 4269 19
726 4214 819 4269 iubent
838 4216 871 4283 P,
893 4219 1010 4285 sortaeee
1028 4215 1118 4271 iubeat
1135 4218 1306 4273 sorbendum

158 4304 190 4356 21
213 4302 296 4367 atque
313 4299 343 4352 in
360 4300 467 4369 0001001,
485 4300 519 4353 ad
537 4315 617 4368 quem
635 4301 663 4354 P
714 4300 879 4359 iudiciumo
931 4305 964 4358 22
983 4303 1137 4373 utriusquae
1156 4304 1184 4359 P
1238 4304 1305 4360 elec·

159 4386 230 4441 tioni
248 4387 357 4457 scripsi,
375 4384 503 4441 electione
520 4388 549 4442 P
598 4387 737 4459 permieiae
755 4390 784 4444 P
