3100 4892
512 448 736 518 Epistularum
754 447 809 503 lib.
822 447 851 502 11
868 451 893 504 4.
1209 446 1273 510 379

131 624 223 690 nobis
247 628 295 690 est
315 626 438 690 tradere
461 625 607 709 dignatus
630 625 670 689 ad
693 629 848 690 mortem?
893 629 1018 689 etcum
1041 624 1124 689 filius
1148 625 1197 688 dci
1225 643 1274 689 se·

131 731 271 794 cundum
294 748 421 794 earnem
444 730 524 795 mori
547 731 690 811 uoluerit,
713 731 806 794 homo
829 734 895 794 tam
919 728 1029 794 acerbe
1051 728 1145 794 debet
1167 729 1274 794 condi·

130 835 251 900 bouem
262 834 419 899 humanae
432 836 523 899 sortis
537 835 696 917 excipere?
720 852 814 918 quam
827 835 865 900 ob
878 854 955 915 rem,
971 835 1104 918 piissimi
1115 839 1272 918 parentes,

130 942 239 1003 nestra
260 939 363 1023 potius
385 943 514 1021 peccata
536 938 646 1004 deflete
670 942 702 1003 et
724 939 762 1002 de
786 939 998 1004 satisfactione
1020 942 1198 1004 uestrorum
1214 938 1273 1002 ori-

130 1045 255 1108 minum
282 1043 427 1127 cogitato,
457 1047 502 1124 nt,
532 1044 633 1108 sime
655 1044 687 1108 in
711 1043 835 1108 Christo
859 1043 1001 1128 diligitis,
1032 1044 1104 1126 quia
1126 1061 1176 1107 me
1199 1061 1273 1108 nere
1312 1069 1325 1108 s

130 1149 261 1232 diligere
280 1166 343 1214 non
358 1148 501 1232 potestis,
524 1149 584 1212 nisi
598 1149 631 1213 in
647 1149 771 1213 domino
789 1147 934 1231 diligatis,
958 1149 991 1212 in
1013 1149 1117 1213 sinum
1139 1148 1273 1230 patriar·

130 1252 209 1317 chae
230 1252 339 1317 uenire
358 1253 554 1334 mereamini,
577 1251 632 1316 nbi
650 1253 796 1317 dominus
815 1269 871 1335 pro
893 1253 1089 1317 innocentiae
1113 1270 1273 1317 mameae

129 1356 267 1440 puritate
291 1359 323 1421 et
344 1374 400 1441 pro
416 1373 473 1420 sua
487 1357 603 1439 pietate
620 1356 793 1438 constituit,
817 1357 904 1439 quia
926 1357 1183 1422 misericordia
1206 1358 1272 1421 eius

130 1460 264 1525 melior
287 1463 479 1542 estsuper
502 1461 596 1541 uita,
619 1465 655 1526 nt
676 1461 792 1525 ibidem
815 1478 878 1525 non
900 1461 999 1542 falsis,
1023 1461 1078 1525 sed
1094 1461 1186 1542 ueris,
1210 1479 1272 1526 non

129 1564 368 1648 temporalibus,
399 1565 455 1630 sed
484 1565 620 1630 aeternis
650 1565 772 1648 gaudiis
803 1565 919 1648 pariter
942 1565 1080 1631 exultare
1103 1566 1270 1648 possimus
1300 1594 1325 1634 ιο

172 1669 304 1735 Talibus
320 1674 451 1754 oportet,
475 1673 511 1734 ut
532 1687 600 1750 nos,
620 1671 732 1752 optimi
755 1670 877 1750 fratres,
901 1673 932 1734 et
949 1671 997 1734 his
1013 1669 1168 1736 similibus
1183 1689 1273 1755 prae·

127 1774 229 1857 ceptis
264 1792 300 1838 ao
334 1773 500 1858 sponsibus
530 1774 694 1839 dominicis
724 1775 932 1856 consolemur,
964 1775 1047 1856 quia,
1079 1775 1160 1840 siout
1190 1775 1272 1859 apud

127 1878 294 1943 dominum
315 1879 422 1943 futura
442 1879 506 1943 iarn
528 1879 612 1943 tacta
635 1883 718 1960 sunt,
739 1879 786 1943 ita
808 1878 908 1944 fidelis
931 1879 1101 1944 catholicus
1117 1880 1273 1962 promissa

126 1984 289 2064 caelestia,
312 2001 391 2065 quae
414 1987 555 2068 tempore
578 2002 634 2050 suo
656 1985 816 2068 implenda
838 1983 974 2066 confidit,
998 1984 1092 2049 debet
1113 1986 1175 2050 iam
1196 2003 1272 2068 quo-

126 2089 202 2152 dam
226 2089 319 2153 modo
349 2088 465 2153 habere
495 2089 682 2172 praesentia,
710 2109 765 2172 spe
795 2091 983 2173 praecipere,
1014 2089 1173 2172 possidere
1199 2089 1270 2170 fide,
1299 2115 1324 2155 ιι

124 2191 275 2276 operibus
306 2191 455 2257 obtinere.
501 2193 579 2257 haec
609 2194 692 2258 enim
723 2198 807 2274 sunt,
839 2213 919 2276 quae
948 2193 1040 2258 nobis
1070 2193 1216 2258 exhibent
1237 2195 1270 2258 in

124 2296 322 2362 maeroribus
346 2297 502 2378 solatium,
524 2299 557 2362 in
580 2299 742 2363 contrariis
762 2297 920 2380 fiduciam,
943 2299 976 2362 in
992 2298 1148 2383 prosperis
1165 2299 1270 2363 mode-

123 2403 295 2482 rationem,
325 2421 365 2466 ne
395 2405 451 2466 aut
480 2403 665 2467 extollamur
696 2403 840 2468 secundis
872 2407 926 2468 aut
955 2404 1102 2468 cedamus
1130 2403 1269 2468 aduersis

122 2511 181 2572 ant
203 2505 350 2571 tristibus
374 2524 605 2572 consumamur.

169 2611 263 2676 Haec
293 2629 377 2695 ergo,
407 2612 520 2676 fratres
547 2611 709 2693 carissimi,
740 2612 983 2678 transmittenda
1010 2610 1100 2676 uobis
1123 2612 1161 2676 ad
1185 2629 1269 2676 eom·
1296 2639 1321 2678 so

120 2734 257 2781 munem
274 2716 432 2798 quandam
447 2716 691 2781 consolationem
711 2716 796 2780 haud
819 2717 885 2781 sine
908 2735 1023 2801 magno
1047 2717 1143 2781 animi
1166 2717 1270 2782 dolore

121 2821 253 2885 dictani.
299 2838 357 2883 nec
387 2839 438 2884 me
464 2821 558 2904 paulo
585 2822 680 2886 latius
702 2823 883 2905 protrahere
908 2840 1085 2886 sermonem
1108 2821 1271 2886 affluentia

120 2924 297 2990 uerborum
320 2925 468 3007 conpulit,
492 2924 547 2989 sed
571 2931 676 2990 aestus
696 2926 883 3007 animorum,
908 2931 943 2990 ut
965 2927 1163 3006 desiderium,
1187 2927 1270 3009 quod

119 3029 302 3094 recordatio
318 3029 511 3109 accenderat,
535 3032 789 3095 commemoratio
813 3031 933 3096 diutina
955 3031 1064 3096 crebra
1085 3032 1206 3096 leniret.
1239 3036 1270 3096 et

118 3136 152 3199 in
184 3134 250 3197 hoc
280 3133 375 3197 etiarn
405 3152 513 3216 parem
540 3135 675 3218 gratiam
698 3153 773 3219 erga
794 3153 994 3201 communem
1018 3136 1115 3200 ffliam
1139 3153 1268 3219 oonpro-
1296 3162 1320 3201 ss

118 3240 238 3305 bemus
262 3241 304 3318 et,
328 3237 410 3306 sicut
431 3256 488 3303 nos
512 3239 579 3303 eius
602 3240 669 3304 uita
691 3241 883 3321 deuinxerat,
906 3241 951 3306 ita
973 3241 1040 3304 eius
1064 3241 1214 3306 memoria
1236 3241 1269 3305 in

118 3343 235 3407 eadem
259 3341 424 3408 dilectione
448 3344 610 3408 custodiat.

228 3574 258 3643 8]
276 3573 375 3629 Psalm.
390 3578 431 3639 62,
443 3577 468 3630 4.

160 3793 340 3848 2aooruoS
389 3793 584 3850 3humaneS
641 3794 818 3864 duestretlS
869 3794 965 3849 deflere
985 3798 1020 3851 Β]
1079 3797 1184 3868 6sinu1l
1204 3800 1267 3866 S(s

116 3881 243 3947 nasum)
313 3880 329 3934 7
347 3895 390 3932 me
408 3879 679 3948 adamaremus,
697 3900 748 3937 om.
764 3883 788 3938 S
857 3885 889 3938 10
907 3883 1098 3952 temporalibus
1118 3885 1141 3940 S
1156 3885 1218 3952 (rali
1237 3887 1267 3941 ira

116 3969 185 4035 ras.)
245 3968 276 4021 11
290 3981 367 4021 uoso
421 3970 453 4023 12
466 3966 682 4036 sponsionibuso
735 3969 900 4024 consulemus
914 3971 943 4040 S,
961 3974 1025 4041 sort.
1039 3978 1106 4026 recto
1162 3974 1194 4028 13
1206 3987 1266 4041 pro·

116 4055 218 4108 missae
236 4053 262 4107 S
314 4054 346 4108 14
363 4053 479 4109 adamo
532 4058 564 4110 15
582 4055 758 4124 precipereS
812 4060 844 4113 16
863 4055 916 4110 nob
934 4057 1116 4115 rexhibentS
1170 4062 1201 4115 18
1220 4065 1266 4114 aut

115 4146 164 4196 aut
182 4139 356 4195 cedamusS
417 4143 449 4197 21
469 4141 542 4194 haud
560 4143 745 4211 Laetjobana,
763 4147 795 4196 ut
815 4145 843 4212 S,
861 4159 949 4199 norro
1007 4147 1040 4200 22
1059 4147 1134 4202 neS
1184 4148 1218 4201 23
1236 4151 1267 4200 ut

117 4247 139 4297 o,
158 4231 188 4282 et
207 4228 234 4283 S
285 4229 319 4281 24
338 4229 555 4281 commemoratio
568 4228 674 4282 diutina
685 4229 764 4282 cebra
779 4232 806 4298 S,
825 4230 919 4285 acerba
931 4233 1148 4286 commemoratio
1162 4233 1266 4287 diutina

114 4317 307 4372 Mammenses
359 4315 466 4370 etdelcl
479 4317 663 4372 Mommscaue
715 4318 749 4371 25
762 4320 863 4386 crgoS
914 4321 947 4374 26
959 4337 1026 4374 rcum
1038 4323 1069 4372 ut
1082 4337 1135 4389 pro
1154 4326 1181 4373 et
1198 4323 1264 4376 sori·

115 4401 260 4457 bendum?
314 4399 496 4457 deuixcratS
546 4404 579 4457 27
599 4402 812 4459 dilectionemS
