3100 4892
499 650 721 728 cupitum
747 649 881 726 LIBRI
909 647 1123 726 SECUNDI.

733 804 886 812 -ι--ι

314 913 338 972 I.
362 912 436 983 Quia
464 912 545 972 nulla
573 914 705 970 ereatura
733 908 915 970 rationabilis
946 909 1084 984 eognatae
1113 909 1260 966 creaturae
1290 905 1383 980 possit

365 1016 490 1094 iufundi.

300 1122 338 1181 11.
363 1121 466 1180 Utrum
495 1120 577 1180 iuxta
605 1119 801 1194 imperitorum
831 1116 994 1192 opinionem
1021 1115 1142 1192 spiritus
1165 1117 1284 1174 sanetus
1308 1113 1384 1174 sieut

204 1249 217 1288 s
364 1226 441 1284 iilius
463 1224 632 1284 incarnatus
655 1223 704 1294 sii,
727 1223 796 1298 quia
818 1225 847 1282 et
868 1222 932 1297 ipso
954 1221 986 1280 iu
1001 1221 1120 1280 blauiam
1141 1219 1321 1294 superuenit,
1345 1235 1384 1277 au

364 1332 478 1388 tantum
500 1327 578 1386 iilius
601 1329 635 1387 de
656 1326 771 1402 uirgine
793 1329 880 1386 natus
904 1325 952 1385 sii.

288 1433 333 1492 III
365 1432 492 1492 Obiootio
505 1431 672 1503 Macedonit
688 1448 746 1506 qua
760 1431 845 1505 impie
861 1430 994 1505 spiritum
1009 1433 1141 1489 sanetum
1154 1428 1384 1488 excellentiorem

365 1537 473 1596 adserit
495 1539 663 1596 ereaturam.
1061 1569 1063 1574 ·

272 1641 341 1700 IIII.
364 1641 547 1700 Maoodouius
570 1639 737 1698 dualitatem
756 1640 893 1698 adserens
913 1641 1001 1714 negat
1020 1638 1153 1713 spirltum
1169 1639 1300 1696 sanetum
1316 1653 1385 1711 pro-

195 1770 220 1808 ιο
365 1745 458 1819 priam
480 1745 585 1804 habere
606 1761 768 1818 porsonam.

307 1850 341 1908 V.
365 1849 503 1919 Obiecto,
527 1850 601 1922 quod
623 1865 715 1906 sermo
739 1848 798 1920 ille,
826 1865 909 1922 quom
931 1847 1066 1922 legimus:
1096 1845 1154 1905 nisi
1176 1845 1241 1920 quis
1263 1847 1386 1904 renatus

366 1952 454 2012 fuant
475 1969 509 2012 ex
532 1969 606 2026 aqua
627 1955 657 2012 et
678 1951 793 2028 apiuitu,
818 1969 919 2026 aquam
934 1951 1043 2026 pariter
1058 1953 1087 2010 et
1101 1950 1235 2025 spiritum
1251 1952 1386 2010 sanetum

366 2060 525 2116 ornaturam
547 2073 611 2116 osse
632 2059 765 2116 testatur.

295 2162 344 2221 VI.
370 2161 426 2220 Ubi
448 2160 605 2236 quaeritur,
628 2162 725 2220 utrum
740 2160 862 2235 spiritus
877 2160 971 2219 saneti
987 2159 1139 2235 appellatio
1154 2174 1315 2234 cognomen
1330 2175 1385 2234 pu·

197 2289 222 2329 rs
274 2285 279 2294 ’
369 2268 447 2325 tetur
469 2283 507 2324 an
529 2282 642 2325 nomen.

279 2371 343 2430 VH.
368 2369 445 2439 Quod
469 2369 590 2444 spiritus
612 2371 732 2428 sanetus
754 2369 910 2443 prophetas
933 2367 1096 2444 specialiter
1123 2367 1240 2443 implere
1263 2371 1293 2426 ot
1315 2369 1387 2426 dous

367 2474 443 2533 aredi
472 2474 580 2548 pariter
608 2477 638 2534 st
666 2474 762 2532 uocari
793 2474 974 2532 euidentibus
1001 2472 1174 2532 testimoniis
1202 2474 1386 2547 adprobetur.

262 2578 341 2638 VIII.
366 2578 422 2636 Ubi
444 2579 580 2652 templum
603 2578 646 2637 dei
669 2578 806 2653 templum
829 2594 891 2636 esse
914 2578 1009 2638 saneti
1024 2577 1145 2654 spiritus
1160 2577 1386 2638 demonstratur.

248 2683 340 2741 VIIII.
366 2682 421 2740 Ubi
443 2684 543 2741 eontra
562 2682 739 2742 Nouatianos
763 2683 831 2742 deus
854 2683 990 2757 gentibus
1013 2682 1219 2756 paenItentiam
1239 2682 1273 2739 ad
1295 2681 1390 2740 uitam

196 2809 222 2848 ro
369 2787 455 2857 dedit,
483 2787 533 2860 qui
555 2786 654 2860 utiquo
677 2787 745 2846 deus
768 2787 889 2862 spiritus
916 2790 1034 2846 sanetis
1061 2803 1125 2846 osso
1147 2803 1198 2861 per
1221 2785 1317 2860 ipsum
1341 2803 1389 2844 or·

369 2891 463 2949 dinem
486 2890 617 2950 leotionis
640 2891 810 2950 ostenditur.

309 2995 343 3052 x.
368 2994 424 3053 Ubi
447 2996 483 3053 od
498 2995 659 3056 Gonnthios
681 2996 774 3069 prima
796 2995 916 3070 spiritus
939 2997 1057 3054 sanetus
1080 2996 1150 3054 dene
1165 3010 1229 3054 esse
1244 2993 1391 3054 uirtutum

368 3098 618 3159 distributionibus
642 3099 810 3158 declaratur.

295 3203 344 3262 x1.
368 3202 592 3276 Aduertendum
620 3204 693 3277 quod
715 3204 791 3262 siout
813 3221 902 3263 unum
925 3205 1007 3262 doum
1029 3204 1072 3264 ita
1094 3221 1183 3262 unum
1206 3203 1275 3262 dioIt
1299 3203 1391 3279 spIri-

195 3329 221 3368 ae
368 3311 430 3366 tum
449 3311 590 3378 sanetum,
614 3309 688 3382 quod
703 3308 737 3366 de
751 3307 863 3382 plebeia
878 3311 1008 3368 orentius
1023 3308 1078 3380 uel,
1102 3309 1175 3382 quod
1191 3307 1302 3366 diuidat
1325 3309 1392 3367 aln-

368 3411 445 3487 gulis
467 3415 552 3487 prout
574 3412 645 3483 uult,
669 3411 724 3471 diei
747 3413 826 3472 nullo
849 3414 929 3473 modo
951 3413 1052 3486 possit.

279 3515 344 3574 ΧΠ.
368 3515 424 3574 Ubi
450 3533 508 3588 eos,
536 3516 585 3591 qui
608 3515 728 3591 spiritus
751 3517 845 3576 saneti
868 3517 1004 3591 templum
1031 3516 1124 3576 effoeti
1146 3519 1226 3588 sunt,
1254 3516 1295 3574 ita
1320 3517 1394 3576 dioit

368 3620 504 3695 proficere
527 3623 636 3692 debere,
660 3623 693 3679 ut
715 3622 797 3680 deum
820 3623 934 3696 portare
956 3621 988 3680 iu
1010 3636 1125 3698 corpore
1146 3623 1322 3680 mereantur.

292 3844 304 3896 l
325 3838 513 3896 INCIPIVNT
532 3841 710 3898 effluunt
729 3841 777 3895 DE
795 3841 903 3897 LIBRO
922 3841 1086 3898 SECVNDO
1104 3840 1218 3908 (LIBRI
1236 3841 1265 3896 11
1284 3843 1323 3911 Ρ)
1338 3844 1397 3899 PV

247 3927 352 3983 billius
370 3929 535 3998 incarnatus]
554 3929 676 3984 natusV
725 3929 927 3984 Imaohedonii
944 3929 974 3998 V,
994 3928 1146 3983 monadonii
1165 3930 1192 3983 P
1242 3929 1345 3999 Impius
1370 3932 1397 3987 V
1522 3967 1523 4012 3

248 4015 378 4071 8assorit
399 4016 427 4069 P
494 4013 722 4070 9maohedonius
743 4016 770 4071 V
837 4031 955 4070 assereus
978 4017 1006 4070 P
1074 4015 1199 4084 spiritum
1221 4033 1241 4070 s.
1262 4019 1347 4085 negat
1366 4017 1395 4072 P
1522 4017 1523 4047 l

249 4104 282 4157 12
299 4101 434 4170 sonetum]
453 4118 483 4155 eo
501 4100 572 4170 quod
590 4101 671 4155 simul
690 4107 931 4158 commemorentur
948 4103 1011 4158 odd.
1031 4103 1059 4156 P
1110 4105 1142 4158 14
1162 4102 1345 4172 coguitionem
1369 4105 1396 4160 V

250 4189 281 4243 15
300 4192 346 4242 aut
362 4191 389 4243 V
436 4191 470 4243 22
490 4188 682 4244 oom‘ntbeosV
733 4193 768 4247 28
787 4190 949 4259 mereantur]
969 4189 1188 4245 EXPLICIUNT
1207 4188 1394 4245 CAPITULA

247 4273 390 4329 muium
412 4275 460 4329 nu
483 4257 551 4329 siu
573 4256 636 4330 sdo
654 4275 764 4330 nisus
783 4276 972 4332 suounnus
988 4277 1052 4332 aaa.
1070 4277 1102 4346 a,
1119 4275 1261 4332 metum
1278 4277 1393 4332 muna

251 4361 435 4416 suevnovs
453 4363 516 4418 aaa.
530 4363 558 4417 P
