3100 4892
607 441 851 511 Prolegomena.
1223 439 1300 494 LVII

160 619 289 702 parauit.
319 619 461 703 singulae
485 618 675 684 collectionis
698 619 845 682 homiliae
861 621 917 682 aut
931 617 1070 701 integrae
1087 620 1141 681 aut
1156 617 1300 700 singulae

161 741 265 786 aarum
285 727 391 805 partes
408 722 461 787 nbi
477 723 578 788 editae
594 726 726 803 exstent,
751 723 777 786 si
793 722 920 787 omniuo
936 725 1069 801 exstant,
1092 721 1144 786 hio
1159 725 1299 804 repetere

160 827 238 907 nolo,
262 845 335 890 cum
355 827 485 892 innotis
509 827 622 890 criticis
645 827 811 909 unicuique
827 827 964 890 sermoni
986 827 1017 889 in
1041 829 1148 890 nostra
1163 825 1299 889 editione

160 931 318 1011 subiectis
348 949 562 1013 quaecumque
586 931 625 994 ad
647 949 713 994 rem
741 931 870 1010 iaciunt,
901 931 1066 1014 diIIgenter
1094 929 1298 995 enotauerim.

159 1053 227 1098 curn
244 1039 352 1098 autem
366 1035 515 1118 pleraque
530 1053 603 1118 pars
619 1035 699 1098 inter
714 1033 887 1118 Augustini
907 1037 938 1098 et
953 1035 1082 1098 Maximi
1097 1033 1298 1098 Taurinensis

159 1158 317 1204 sermones
341 1139 523 1222 reperiatur,
551 1139 690 1221 quisquis
714 1138 887 1222 Augustini
914 1139 1083 1203 editionem
1110 1157 1129 1202 a
1155 1137 1297 1222 patribus

158 1243 310 1307 Maurinis
326 1247 468 1306 curatam
484 1243 535 1306 uel
550 1242 690 1323 Maximi,
707 1261 803 1325 quam
817 1243 917 1306 Brnni
932 1243 1077 1323 confecit,
1097 1242 1298 1321 consuluerit,

158 1348 232 1412 alios
256 1365 379 1429 quoque
394 1347 516 1412 codices
539 1346 669 1412 anobis
692 1348 821 1412 oonsilio
843 1348 893 1411 hic
916 1347 1040 1412 silentio
1059 1347 1298 1430 praetermissos

158 1455 333 1535 cognoscet.
380 1469 432 1516 cos
459 1454 565 1516 autem
593 1451 724 1532 codices,
755 1471 771 1514 e
799 1451 911 1534 quibus
938 1469 976 1516 ea
1003 1452 1188 1535 deprompta
1214 1453 1298 1531 sunt,

159 1575 236 1638 quae
259 1554 382 1639 Angelo
405 1555 470 1620 Mai
492 1555 609 1641 publici
633 1555 708 1620 iuris
733 1557 806 1620 lecit
828 1558 879 1620 uel
902 1556 1010 1620 Fausti
1033 1556 1210 1639 editores,¹)
1233 1555 1297 1618 suis

158 1661 230 1724 locis
254 1659 471 1724 iudicauimus.

197 1765 288 1828 Haeo
309 1763 461 1828 hactenus
484 1765 522 1828 de
545 1765 726 1830 collectione
743 1765 939 1830 Durlaeensi.
977 1767 1149 1830 transimus
1165 1764 1205 1828 ad
1224 1783 1298 1827 ser-

158 1887 282 1933 mones
309 1869 419 1933 XXIII
447 1872 482 1933 ct
508 1869 644 1950 XXIIII,
672 1887 805 1951 quorum
833 1873 964 1951 uterque
991 1870 1030 1933 ad
1057 1870 1227 1933 monachos
1250 1868 1298 1932 di-

158 1977 259 2037 rectus
284 1975 341 2054 est,
364 1992 460 2054 quare
483 1975 662 2038 coniunctos
687 1991 738 2038 eos
762 1975 795 2038 in
818 1974 906 2038 libris
928 1974 1148 2056 manuscriptis
1167 1973 1297 2057 reperiri

159 2078 337 2160 explicatur.
375 2078 537 2142 continent
559 2081 665 2142 autem
688 2096 739 2143 eos
762 2080 797 2143 hi
819 2079 955 2144 codices:

199 2179 1297 2248 CodexParisinusbibliothecaenationalislatinusu.2780

161 2283 491 2367 (dulberbnu15230,
522 2287 637 2370 Regius
664 2285 776 2436 4333),
807 2307 901 2371 quem
932 2288 1116 2371 compendio
1142 2286 1173 2350 A
1199 2287 1296 2370 signi·

161 2473 332 2556 ficauimus,
361 2495 440 2541 seeo.
461 2477 555 2542 XIII:
585 2478 637 2542 fol.
655 2477 689 2540 2¹
716 2499 818 2542 somno
839 2478 955 2565 fausti
977 2477 1033 2564 epe
1059 2479 1106 2542 od
1126 2478 1294 2541 monachos

157 2579 280 2661 primus
312 2579 448 2663 (incipit:
481 2581 526 2644 ad
553 2579 657 2645 locum
685 2583 780 2660 burae,
807 2583 973 2648 carissimi
996 2613 1036 2642 =
1059 2586 1143 2649 hom.
1160 2583 1294 2665 XXIII),

160 2683 207 2746 fel.
222 2683 256 2746 4¹¹
279 2683 401 2768 incipit
432 2683 575 2748 eiusdem
597 2685 759 2749 amundus
786 2708 888 2751 sermo
918 2688 1040 2772 (incip.:
1072 2687 1210 2750 iustruit
1235 2707 1294 2749 noe

160 2795 248 2870 atquae
271 2788 452 2872 bortatur),
476 2789 528 2854 fol.
546 2788 579 2850 9¹
603 2789 678 2852 item
701 2789 792 2854 aliae
814 2812 916 2854 sermo
936 2792 1079 2856 ciusdem
1093 2791 1150 2854 ΙΙΙ
1170 2791 1291 2875 (incip.:

160 2889 240 2972 qood
259 2891 431 2976 supplanto
454 2902 483 2955 et
506 2892 735 2976 quodammodo
760 2923 799 2950 =
824 2896 909 2962 hom.
925 2897 1075 2980 XXHII).

198 2995 328 3060 Eosdem
348 3015 509 3062 sermones
526 2998 634 3063 eodem
650 2999 757 3063 ordine
773 3000 912 3084 digestos
928 3002 993 3083 (fol.
1008 3001 1170 3085 2332611)
1186 3004 1294 3064 seruat

159 3097 263 3163 codex
284 3101 480 3165 Parisinus
504 3102 646 3166 latinus
668 3122 698 3166 n.
715 3101 799 3165 2167
824 3104 1035 3187 (colbertinus
1056 3105 1151 3187 2394,
1174 3106 1292 3189 Regius

159 3199 249 3282 4029,
264 3203 297 3287 3)
326 3223 407 3268 saec.
424 3205 503 3270 XIII
520 3204 584 3289 (Β).
623 3225 801 3272 sermonem
831 3210 1005 3274 seeundum
1035 3229 1097 3274 non
1128 3211 1291 3289 edidimus,

159 3323 341 3389 quamquam
357 3309 466 3374 Fausti
489 3313 546 3390 est,
570 3314 733 3394 propterea
756 3313 839 3394 quod
861 3314 994 3379 refertur
1018 3316 1049 3378 in
1073 3333 1204 3379 numero
1226 3334 1291 3378 ser·

158 3427 278 3476 monum
306 3413 426 3494 Fausti,
455 3415 509 3495 qui
535 3415 615 3480 falso
643 3417 767 3480 nomine
796 3417 924 3483 Eusebii
947 3419 1088 3484 Fmisoni
1115 3420 1190 3484 editi
1217 3424 1292 3484 sunt

157 3513 214 3593 (nr.
231 3513 292 3599 37),
320 3520 353 3581 ot
374 3536 438 3582 una
459 3537 532 3584 oum
554 3520 666 3584 ceteris
690 3522 889 3587 sermonibus
911 3524 1236 3589 Pseudo-Eusebianis
1258 3525 1290 3588 in

156 3616 249 3681 altero
269 3625 393 3686 nostrae
417 3622 560 3688 editionis
583 3624 744 3690 uolumine
766 3631 967 3692 recenseatur
990 3648 1118 3692 necesse
1141 3634 1197 3692 est.

196 3721 299 3804 Itaque
315 3727 430 3790 rectius
443 3726 612 3809 dispositus
629 3731 677 3793 est
692 3731 806 3795 codex
820 3731 1018 3796 Parisinus
1035 3733 1289 3798 bibliothecae

154 3825 351 3893 nationalis
382 3829 525 3894 latinus
558 3829 664 3895 13333
694 3851 774 3898 saec.
796 3835 859 3898 XII
874 3834 939 3920 (O),
969 3837 1023 3918 qui
1052 3838 1190 3920 primunr
1222 3838 1286 3921 (fol.

155 3925 269 4014 1—30)
290 3933 397 3998 decem
414 3935 682 4001 Pseudo-Eusebi
705 3957 866 4003 sermones
889 3940 928 4004 ad
951 3943 1121 4006 monachos
1141 3942 1185 4027 (n.
1203 3941 1289 4005 35-

151 4027 192 4092 44
215 4033 403 4102 collectionis
427 4037 648 4125 Eusebianos),
672 4041 752 4106 inter
775 4060 853 4124 quos
877 4046 968 4108 tertio
991 4045 1069 4126 loco,
1093 4049 1128 4110 ut
1149 4064 1206 4129 par
1229 4050 1287 4128 est,

151 4145 351 4161 Ἁ-

194 4203 213 4270 1)
234 4203 384 4264 Sermonem
396 4209 450 4263 XII
462 4209 555 4265 Fausti
574 4211 697 4278 editores,
716 4231 747 4268 ao
764 4214 868 4284 primus
886 4215 995 4284 quidem
1011 4217 1143 4272 Henrieus
1156 4217 1286 4284 (lanisius,

150 4287 278 4358 Antiquae
295 4295 422 4350 lectiones
441 4295 465 4350 V
482 4299 628 4363 iao-423,
653 4315 682 4352 ex
707 4299 797 4355 codice
816 4302 982 4372 sangallensi
1000 4307 1052 4360 213
1070 4303 1115 4374 (A)
1137 4303 1286 4371 ediderunt,

151 4372 182 4428 ci.
196 4376 284 4434 studia
301 4386 397 4438 nostra
411 4383 444 4438 de
461 4383 554 4439 Fausti
572 4385 679 4456 scriptis
697 4403 723 4457 p.
736 4391 770 4445 83
780 4405 818 4459 sq.
