<?xml version="1.0" encoding="UTF-8"?>
<!DOCTYPE html PUBLIC "-//W3C//DTD XHTML 1.0 Transitional//EN"
    "http://www.w3.org/TR/xhtml1/DTD/xhtml1-transitional.dtd">
<html xmlns="http://www.w3.org/1999/xhtml" xml:lang="en" lang="en">
 <head>
  <title>
</title>
<meta http-equiv="Content-Type" content="text/html;charset=utf-8" />
  <meta name='ocr-system' content='tesseract 3.04.00' />
  <meta name='ocr-capabilities' content='ocr_page ocr_carea ocr_par ocr_line ocrx_word'/>
</head>
<body>
  <div class='ocr_page' id='page_1' title='image "./corpusscriptoru19wiengoog_0101.png"; bbox 0 0 3100 4892; ppageno 0'>
   <div class='ocr_carea' id='block_1_1' title="bbox 620 432 1302 491">
    <p class='ocr_par' dir='ltr' id='par_1_1' title="bbox 620 432 1302 491">
     <span class='ocr_line' id='line_1_1' title="bbox 620 432 1302 491; baseline 0.006 -6"><span class='ocrx_word' id='word_1_1' title='bbox 620 432 716 485; x_wconf 83' lang='lat' dir='ltr'>Liber</span> <span class='ocrx_word' id='word_1_2' title='bbox 734 433 748 484; x_wconf 97' lang='lat' dir='ltr'>I</span> <span class='ocrx_word' id='word_1_3' title='bbox 766 435 843 486; x_wconf 47' lang='lat'>2⁴3.</span> <span class='ocrx_word' id='word_1_4' title='bbox 1266 432 1302 491; x_wconf 79' lang='lat' dir='ltr'>lt&#39;)</span> 
     </span>
    </p>
   </div>
   <div class='ocr_carea' id='block_1_2' title="bbox 162 604 1353 1191">
    <p class='ocr_par' dir='ltr' id='par_1_2' title="bbox 162 604 1353 1191">
     <span class='ocr_line' id='line_1_2' title="bbox 164 604 1302 689; baseline -0.004 -18"><span class='ocrx_word' id='word_1_5' title='bbox 164 608 268 671; x_wconf 86' lang='lat' dir='ltr'>onmia</span> <span class='ocrx_word' id='word_1_6' title='bbox 291 606 463 671; x_wconf 86' lang='lat' dir='ltr'>iudicemus</span> <span class='ocrx_word' id='word_1_7' title='bbox 485 606 621 689; x_wconf 84' lang='lat' dir='ltr'>adiungi.</span> <span class='ocrx_word' id='word_1_8' title='bbox 653 624 727 670; x_wconf 89' lang='lat' dir='ltr'>nam</span> <span class='ocrx_word' id='word_1_9' title='bbox 750 607 803 687; x_wconf 89' lang='lat' dir='ltr'>qui</span> <span class='ocrx_word' id='word_1_10' title='bbox 827 609 921 688; x_wconf 84' lang='lat' dir='ltr'>negat</span> <span class='ocrx_word' id='word_1_11' title='bbox 936 604 1057 687; x_wconf 85' lang='lat' dir='ltr'>gratiae</span> <span class='ocrx_word' id='word_1_12' title='bbox 1081 604 1302 669; x_wconf 85' lang='lat' dir='ltr'>adsociaudunr</span> 
     </span>
     <span class='ocr_line' id='line_1_3' title="bbox 163 706 1300 790; baseline -0.003 -15"><span class='ocrx_word' id='word_1_13' title='bbox 163 711 273 775; x_wconf 83' lang='lat' dir='ltr'>famuli</span> <span class='ocrx_word' id='word_1_14' title='bbox 301 710 415 775; x_wconf 87' lang='lat' dir='ltr'>laboris</span> <span class='ocrx_word' id='word_1_15' title='bbox 442 715 603 790; x_wconf 87' lang='lat' dir='ltr'>conatum,</span> <span class='ocrx_word' id='word_1_16' title='bbox 634 710 791 775; x_wconf 81' lang='lat' dir='ltr'>subtrahit</span> <span class='ocrx_word' id='word_1_17' title='bbox 818 709 936 773; x_wconf 92' lang='lat' dir='ltr'>homiui</span> <span class='ocrx_word' id='word_1_18' title='bbox 966 709 1124 772; x_wconf 85' lang='lat' dir='ltr'>seruitutis</span> <span class='ocrx_word' id='word_1_19' title='bbox 1153 706 1300 773; x_wconf 81' lang='lat' dir='ltr'>cilicium.</span> 
     </span>
     <span class='ocr_line' id='line_1_4' title="bbox 162 811 1302 897; baseline -0.003 -19"><span class='ocrx_word' id='word_1_20' title='bbox 162 815 267 880; x_wconf 85' lang='lat' dir='ltr'>nescio</span> <span class='ocrx_word' id='word_1_21' title='bbox 297 814 352 879; x_wconf 91' lang='lat' dir='ltr'>ubi</span> <span class='ocrx_word' id='word_1_22' title='bbox 381 819 436 879; x_wconf 89' lang='lat' dir='ltr'>aut</span> <span class='ocrx_word' id='word_1_23' title='bbox 462 815 585 897; x_wconf 90' lang='lat' dir='ltr'>qnando</span> <span class='ocrx_word' id='word_1_24' title='bbox 612 814 651 877; x_wconf 88' lang='lat' dir='ltr'>ab</span> <span class='ocrx_word' id='word_1_25' title='bbox 679 832 771 897; x_wconf 89' lang='lat' dir='ltr'>opere</span> <span class='ocrx_word' id='word_1_26' title='bbox 802 814 918 893; x_wconf 84' lang='lat' dir='ltr'>feriari,</span> <span class='ocrx_word' id='word_1_27' title='bbox 949 813 1072 895; x_wconf 92' lang='lat' dir='ltr'>quando</span> <span class='ocrx_word' id='word_1_28' title='bbox 1100 812 1162 878; x_wconf 90' lang='lat' dir='ltr'>otio</span> <span class='ocrx_word' id='word_1_29' title='bbox 1190 811 1302 877; x_wconf 90' lang='lat' dir='ltr'>debeat</span> 
     </span>
     <span class='ocr_line' id='line_1_5' title="bbox 162 914 1302 1001; baseline -0.002 -18"><span class='ocrx_word' id='word_1_30' title='bbox 162 920 346 1000; x_wconf 81' lang='lat' dir='ltr'>derelinqui,</span> <span class='ocrx_word' id='word_1_31' title='bbox 365 919 419 1001; x_wconf 90' lang='lat' dir='ltr'>qui</span> <span class='ocrx_word' id='word_1_32' title='bbox 435 919 529 983; x_wconf 85' lang='lat' dir='ltr'>etiarn</span> <span class='ocrx_word' id='word_1_33' title='bbox 553 918 584 982; x_wconf 91' lang='lat' dir='ltr'>in</span> <span class='ocrx_word' id='word_1_34' title='bbox 607 918 750 1001; x_wconf 84' lang='lat' dir='ltr'>paradiso</span> <span class='ocrx_word' id='word_1_35' title='bbox 774 918 898 982; x_wconf 86' lang='lat' dir='ltr'>iubetur·</span> <span class='ocrx_word' id='word_1_36' title='bbox 921 918 1051 1001; x_wconf 86' lang='lat' dir='ltr'>operari,</span> <span class='ocrx_word' id='word_1_37' title='bbox 1076 916 1198 999; x_wconf 88' lang='lat' dir='ltr'>inquo,</span> <span class='ocrx_word' id='word_1_38' title='bbox 1222 914 1302 981; x_wconf 84' lang='lat' dir='ltr'>sicut</span> 
     </span>
     <span class='ocr_line' id='line_1_6' title="bbox 162 1020 1353 1107; baseline -0.003 -20"><span class='ocrx_word' id='word_1_39' title='bbox 162 1024 311 1107; x_wconf 86' lang='lat' dir='ltr'>legimns,</span> <span class='ocrx_word' id='word_1_40' title='bbox 340 1023 385 1087; x_wconf 88' lang='lat' dir='ltr'>ita</span> <span class='ocrx_word' id='word_1_41' title='bbox 410 1028 459 1088; x_wconf 89' lang='lat' dir='ltr'>est</span> <span class='ocrx_word' id='word_1_42' title='bbox 485 1024 689 1102; x_wconf 75' lang='lat' dir='ltr'>constitutuS,</span> <span class='ocrx_word' id='word_1_43' title='bbox 717 1028 757 1086; x_wconf 88' lang='lat' dir='ltr'>nt</span> <span class='ocrx_word' id='word_1_44' title='bbox 784 1025 1001 1105; x_wconf 74' lang='lat' dir='ltr'>operaretur</span> <span class='ocrx_word' id='word_1_45' title='bbox 1030 1024 1065 1084; x_wconf 85' lang='lat' dir='ltr'>et</span> <span class='ocrx_word' id='word_1_46' title='bbox 1093 1020 1302 1085; x_wconf 75' lang='lat' dir='ltr'>custodiret</span> <span class='ocrx_word' id='word_1_47' title='bbox 1340 1038 1353 1075; x_wconf 79' lang='lat'>⁵</span> 
     </span>
     <span class='ocr_line' id='line_1_7' title="bbox 162 1128 280 1191; baseline 0 0"><span class='ocrx_word' id='word_1_48' title='bbox 162 1128 280 1191; x_wconf 89' lang='lat' dir='ltr'>illnnr.</span> 
     </span>
    </p>
   </div>
   <div class='ocr_carea' id='block_1_3' title="bbox 165 1354 1301 1572">
    <p class='ocr_par' dir='ltr' id='par_1_3' title="bbox 165 1354 1301 1572">
     <span class='ocr_line' id='line_1_8' title="bbox 165 1354 1301 1415; baseline -0.004 -17"><span class='ocrx_word' id='word_1_49' title='bbox 165 1358 286 1399; x_wconf 72' lang='lat' dir='ltr'>coum</span> <span class='ocrx_word' id='word_1_50' title='bbox 310 1358 376 1399; x_wconf 73' lang='lat' dir='ltr'>Bul(</span> <span class='ocrx_word' id='word_1_51' title='bbox 398 1356 529 1415; x_wconf 71' lang='lat' dir='ltr'>SENBUH,</span> <span class='ocrx_word' id='word_1_52' title='bbox 552 1356 605 1405; x_wconf 79' lang='lat' dir='ltr'>Qttl</span> <span class='ocrx_word' id='word_1_53' title='bbox 628 1355 781 1397; x_wconf 71' lang='lat' dir='ltr'>DIOENDOE</span> <span class='ocrx_word' id='word_1_54' title='bbox 806 1355 886 1397; x_wconf 78' lang='lat' dir='ltr'><strong>UNUB</strong></span> <span class='ocrx_word' id='word_1_55' title='bbox 909 1355 952 1396; x_wconf 76' lang='lat' dir='ltr'>AD</span> <span class='ocrx_word' id='word_1_56' title='bbox 976 1356 1105 1397; x_wconf 68' lang='lat' dir='ltr'>MORTEM</span> <span class='ocrx_word' id='word_1_57' title='bbox 1129 1354 1301 1395; x_wconf 65' lang='lat' dir='ltr'>caducum-</span> 
     </span>
     <span class='ocr_line' id='line_1_9' title="bbox 165 1442 1301 1503; baseline -0.002 -18"><span class='ocrx_word' id='word_1_58' title='bbox 165 1444 273 1503; x_wconf 71' lang='lat' dir='ltr'>nauca,</span> <span class='ocrx_word' id='word_1_59' title='bbox 298 1445 402 1485; x_wconf 72' lang='lat' dir='ltr'>ALTER</span> <span class='ocrx_word' id='word_1_60' title='bbox 421 1444 464 1483; x_wconf 78' lang='lat' dir='ltr'>AD</span> <span class='ocrx_word' id='word_1_61' title='bbox 485 1444 583 1485; x_wconf 66' lang='lat' dir='ltr'>Ul&#39;l&#39;rffl</span> <span class='ocrx_word' id='word_1_62' title='bbox 606 1442 885 1485; x_wconf 75' lang='lat' dir='ltr'>Pannnnsmrtarus</span> <span class='ocrx_word' id='word_1_63' title='bbox 909 1444 976 1500; x_wconf 76' lang='lat' dir='ltr'>EST,</span> <span class='ocrx_word' id='word_1_64' title='bbox 1001 1442 1099 1484; x_wconf 73' lang='lat' dir='ltr'>RBBUS</span> <span class='ocrx_word' id='word_1_65' title='bbox 1124 1443 1200 1483; x_wconf 81' lang='lat' dir='ltr'>ll’sls</span> <span class='ocrx_word' id='word_1_66' title='bbox 1221 1442 1301 1483; x_wconf 78' lang='lat' dir='ltr'>SPEM</span> 
     </span>
     <span class='ocr_line' id='line_1_10' title="bbox 553 1530 911 1572; baseline 0.006 -2"><span class='ocrx_word' id='word_1_67' title='bbox 553 1530 763 1572; x_wconf 74' lang='lat' dir='ltr'>lN&#39;l&#39;BRCLUDlT</span> <span class='ocrx_word' id='word_1_68' title='bbox 784 1530 911 1572; x_wconf 80' lang='lat' dir='ltr'>ORANDI.</span> 
     </span>
    </p>
   </div>
   <div class='ocr_carea' id='block_1_4' title="bbox 162 1646 1354 3707">
    <p class='ocr_par' dir='ltr' id='par_1_4' title="bbox 162 1646 1354 3275">
     <span class='ocr_line' id='line_1_11' title="bbox 206 1646 1354 1731; baseline -0.009 -18"><span class='ocrx_word' id='word_1_69' title='bbox 206 1647 286 1713; x_wconf 74' lang='lat' dir='ltr'>Onna</span> <span class='ocrx_word' id='word_1_70' title='bbox 309 1648 456 1712; x_wconf 77' lang='lat' dir='ltr'>dixerint:</span> <span class='ocrx_word' id='word_1_71' title='bbox 479 1651 581 1713; x_wconf 88' lang='lat' dir='ltr'>toturn</span> <span class='ocrx_word' id='word_1_72' title='bbox 603 1648 723 1731; x_wconf 85' lang='lat' dir='ltr'>gratiae</span> <span class='ocrx_word' id='word_1_73' title='bbox 746 1648 796 1711; x_wconf 87' lang='lat' dir='ltr'>dei</span> <span class='ocrx_word' id='word_1_74' title='bbox 820 1652 876 1727; x_wconf 92' lang='lat' dir='ltr'>est,</span> <span class='ocrx_word' id='word_1_75' title='bbox 899 1648 968 1729; x_wconf 93' lang='lat' dir='ltr'>quis</span> <span class='ocrx_word' id='word_1_76' title='bbox 992 1664 1053 1712; x_wconf 91' lang='lat' dir='ltr'>nou</span> <span class='ocrx_word' id='word_1_77' title='bbox 1070 1646 1108 1711; x_wconf 85' lang='lat' dir='ltr'>ad</span> <span class='ocrx_word' id='word_1_78' title='bbox 1132 1652 1197 1711; x_wconf 89' lang='lat' dir='ltr'>tam</span> <span class='ocrx_word' id='word_1_79' title='bbox 1214 1666 1301 1710; x_wconf 88' lang='lat' dir='ltr'>reue·</span> <span class='ocrx_word' id='word_1_80' title='bbox 1329 1664 1354 1703; x_wconf 81' lang='lat' dir='ltr'>ro</span> 
     </span>
     <span class='ocr_line' id='line_1_12' title="bbox 162 1750 1301 1833; baseline -0.003 -18"><span class='ocrx_word' id='word_1_81' title='bbox 162 1753 294 1817; x_wconf 87' lang='lat' dir='ltr'>rendum</span> <span class='ocrx_word' id='word_1_82' title='bbox 311 1770 424 1817; x_wconf 92' lang='lat' dir='ltr'>nornen</span> <span class='ocrx_word' id='word_1_83' title='bbox 440 1752 524 1816; x_wconf 91' lang='lat' dir='ltr'>omni</span> <span class='ocrx_word' id='word_1_84' title='bbox 539 1752 639 1817; x_wconf 90' lang='lat' dir='ltr'>cordis</span> <span class='ocrx_word' id='word_1_85' title='bbox 662 1752 829 1816; x_wconf 80' lang='lat' dir='ltr'>inclinetur</span> <span class='ocrx_word' id='word_1_86' title='bbox 845 1750 980 1815; x_wconf 77' lang='lat' dir='ltr'>affectu?</span> <span class='ocrx_word' id='word_1_87' title='bbox 1009 1751 1063 1814; x_wconf 87' lang='lat' dir='ltr'>sed</span> <span class='ocrx_word' id='word_1_88' title='bbox 1079 1768 1151 1813; x_wconf 84' lang='lat' dir='ltr'>cunr</span> <span class='ocrx_word' id='word_1_89' title='bbox 1175 1767 1301 1833; x_wconf 90' lang='lat' dir='ltr'>respon-</span> 
     </span>
     <span class='ocr_line' id='line_1_13' title="bbox 164 1852 1301 1938; baseline -0.002 -19"><span class='ocrx_word' id='word_1_90' title='bbox 164 1858 313 1920; x_wconf 89' lang='lat' dir='ltr'>derimus:</span> <span class='ocrx_word' id='word_1_91' title='bbox 338 1859 439 1920; x_wconf 91' lang='lat' dir='ltr'>toturn</span> <span class='ocrx_word' id='word_1_92' title='bbox 461 1856 554 1937; x_wconf 85' lang='lat' dir='ltr'>plane</span> <span class='ocrx_word' id='word_1_93' title='bbox 577 1856 695 1938; x_wconf 84' lang='lat' dir='ltr'>gratiae</span> <span class='ocrx_word' id='word_1_94' title='bbox 718 1860 777 1936; x_wconf 90' lang='lat' dir='ltr'>est,</span> <span class='ocrx_word' id='word_1_95' title='bbox 801 1856 855 1918; x_wconf 88' lang='lat' dir='ltr'>sed</span> <span class='ocrx_word' id='word_1_96' title='bbox 878 1854 1024 1919; x_wconf 89' lang='lat' dir='ltr'>omnibus</span> <span class='ocrx_word' id='word_1_97' title='bbox 1048 1872 1117 1917; x_wconf 91' lang='lat' dir='ltr'>eam</span> <span class='ocrx_word' id='word_1_98' title='bbox 1141 1852 1232 1917; x_wconf 88' lang='lat' dir='ltr'>offert</span> <span class='ocrx_word' id='word_1_99' title='bbox 1255 1857 1301 1917; x_wconf 88' lang='lat' dir='ltr'>at-</span> 
     </span>
     <span class='ocr_line' id='line_1_14' title="bbox 164 1957 1301 2043; baseline -0.004 -20"><span class='ocrx_word' id='word_1_100' title='bbox 164 1980 222 2042; x_wconf 89' lang='lat' dir='ltr'>qne</span> <span class='ocrx_word' id='word_1_101' title='bbox 244 1961 360 2043; x_wconf 87' lang='lat' dir='ltr'>ingerit</span> <span class='ocrx_word' id='word_1_102' title='bbox 374 1960 414 2024; x_wconf 92' lang='lat' dir='ltr'>ad</span> <span class='ocrx_word' id='word_1_103' title='bbox 436 1960 571 2023; x_wconf 88' lang='lat' dir='ltr'>salntem</span> <span class='ocrx_word' id='word_1_104' title='bbox 591 1960 731 2024; x_wconf 88' lang='lat' dir='ltr'>omnium</span> <span class='ocrx_word' id='word_1_105' title='bbox 752 1960 893 2023; x_wconf 88' lang='lat' dir='ltr'>conditor</span> <span class='ocrx_word' id='word_1_106' title='bbox 909 1978 944 2023; x_wconf 85' lang='lat' dir='ltr'>ac</span> <span class='ocrx_word' id='word_1_107' title='bbox 960 1958 1146 2041; x_wconf 86' lang='lat' dir='ltr'>redemptor,</span> <span class='ocrx_word' id='word_1_108' title='bbox 1171 1958 1208 2021; x_wconf 88' lang='lat' dir='ltr'>ad</span> <span class='ocrx_word' id='word_1_109' title='bbox 1225 1957 1301 2020; x_wconf 72' lang='lat' dir='ltr'>llaec</span> 
     </span>
     <span class='ocr_line' id='line_1_15' title="bbox 164 2063 1299 2148; baseline -0.005 -19"><span class='ocrx_word' id='word_1_110' title='bbox 164 2064 209 2129; x_wconf 91' lang='lat' dir='ltr'>illi</span> <span class='ocrx_word' id='word_1_111' title='bbox 230 2065 323 2148; x_wconf 88' lang='lat' dir='ltr'>longe</span> <span class='ocrx_word' id='word_1_112' title='bbox 339 2082 359 2128; x_wconf 93' lang='lat' dir='ltr'>a</span> <span class='ocrx_word' id='word_1_113' title='bbox 376 2064 502 2147; x_wconf 89' lang='lat' dir='ltr'>pietatis</span> <span class='ocrx_word' id='word_1_114' title='bbox 524 2064 649 2128; x_wconf 86' lang='lat' dir='ltr'>tramite</span> <span class='ocrx_word' id='word_1_115' title='bbox 671 2064 852 2127; x_wconf 81' lang='lat' dir='ltr'>recedentes</span> <span class='ocrx_word' id='word_1_116' title='bbox 876 2063 1061 2146; x_wconf 89' lang='lat' dir='ltr'>respondere</span> <span class='ocrx_word' id='word_1_117' title='bbox 1084 2064 1299 2145; x_wconf 87' lang='lat' dir='ltr'>praesument:</span> 
     </span>
     <span class='ocr_line' id='line_1_16' title="bbox 164 2166 1352 2250; baseline -0.009 -17"><span class='ocrx_word' id='word_1_118' title='bbox 164 2188 224 2233; x_wconf 89' lang='lat' dir='ltr'>uon</span> <span class='ocrx_word' id='word_1_119' title='bbox 248 2187 318 2233; x_wconf 89' lang='lat' dir='ltr'>earn</span> <span class='ocrx_word' id='word_1_120' title='bbox 345 2169 483 2233; x_wconf 89' lang='lat' dir='ltr'>saluator</span> <span class='ocrx_word' id='word_1_121' title='bbox 509 2168 653 2233; x_wconf 89' lang='lat' dir='ltr'>omnibus</span> <span class='ocrx_word' id='word_1_122' title='bbox 677 2168 773 2249; x_wconf 86' lang='lat' dir='ltr'>dedit,</span> <span class='ocrx_word' id='word_1_123' title='bbox 797 2168 870 2250; x_wconf 88' lang='lat' dir='ltr'>quia</span> <span class='ocrx_word' id='word_1_124' title='bbox 893 2187 949 2231; x_wconf 90' lang='lat' dir='ltr'>neo</span> <span class='ocrx_word' id='word_1_125' title='bbox 971 2184 1026 2249; x_wconf 90' lang='lat' dir='ltr'>pro</span> <span class='ocrx_word' id='word_1_126' title='bbox 1050 2166 1194 2231; x_wconf 82' lang='lat' dir='ltr'>omnibus</span> <span class='ocrx_word' id='word_1_127' title='bbox 1219 2184 1300 2229; x_wconf 94' lang='lat' dir='ltr'>mor-</span> <span class='ocrx_word' id='word_1_128' title='bbox 1329 2184 1352 2223; x_wconf 80' lang='lat' dir='ltr'>n</span> 
     </span>
     <span class='ocr_line' id='line_1_17' title="bbox 165 2272 1301 2355; baseline -0.003 -19"><span class='ocrx_word' id='word_1_129' title='bbox 165 2277 235 2338; x_wconf 89' lang='lat' dir='ltr'>tuus</span> <span class='ocrx_word' id='word_1_130' title='bbox 261 2277 318 2337; x_wconf 84' lang='lat' dir='ltr'>eet.</span> <span class='ocrx_word' id='word_1_131' title='bbox 351 2292 421 2337; x_wconf 90' lang='lat' dir='ltr'>ecce</span> <span class='ocrx_word' id='word_1_132' title='bbox 444 2274 553 2337; x_wconf 87' lang='lat' dir='ltr'>statim</span> <span class='ocrx_word' id='word_1_133' title='bbox 576 2272 608 2335; x_wconf 92' lang='lat' dir='ltr'>in</span> <span class='ocrx_word' id='word_1_134' title='bbox 632 2272 776 2337; x_wconf 87' lang='lat' dir='ltr'>secundis</span> <span class='ocrx_word' id='word_1_135' title='bbox 805 2276 932 2355; x_wconf 85' lang='lat' dir='ltr'>apparet</span> <span class='ocrx_word' id='word_1_136' title='bbox 958 2272 1077 2355; x_wconf 84' lang='lat' dir='ltr'>gratiae</span> <span class='ocrx_word' id='word_1_137' title='bbox 1105 2272 1301 2353; x_wconf 86' lang='lat' dir='ltr'>inpugnator,</span> 
     </span>
     <span class='ocr_line' id='line_1_18' title="bbox 165 2374 1301 2461; baseline -0.004 -20"><span class='ocrx_word' id='word_1_138' title='bbox 165 2378 265 2459; x_wconf 87' lang='lat' dir='ltr'>quiin</span> <span class='ocrx_word' id='word_1_139' title='bbox 280 2378 388 2461; x_wconf 88' lang='lat' dir='ltr'>primis</span> <span class='ocrx_word' id='word_1_140' title='bbox 403 2377 572 2461; x_wconf 87' lang='lat' dir='ltr'>putabatur</span> <span class='ocrx_word' id='word_1_141' title='bbox 588 2382 732 2441; x_wconf 86' lang='lat' dir='ltr'>assertor.</span> <span class='ocrx_word' id='word_1_142' title='bbox 762 2376 900 2440; x_wconf 91' lang='lat' dir='ltr'>obiciunt</span> <span class='ocrx_word' id='word_1_143' title='bbox 916 2394 1029 2440; x_wconf 89' lang='lat' dir='ltr'>nornen</span> <span class='ocrx_word' id='word_1_144' title='bbox 1043 2375 1172 2459; x_wconf 84' lang='lat' dir='ltr'>gratiae,</span> <span class='ocrx_word' id='word_1_145' title='bbox 1196 2378 1231 2438; x_wconf 90' lang='lat' dir='ltr'>ut</span> <span class='ocrx_word' id='word_1_146' title='bbox 1247 2374 1301 2437; x_wconf 90' lang='lat' dir='ltr'>ab·</span> 
     </span>
     <span class='ocr_line' id='line_1_19' title="bbox 164 2478 1300 2561; baseline -0.004 -16"><span class='ocrx_word' id='word_1_147' title='bbox 164 2482 366 2546; x_wconf 88' lang='lat' dir='ltr'>eminandum</span> <span class='ocrx_word' id='word_1_148' title='bbox 382 2499 511 2545; x_wconf 85' lang='lat' dir='ltr'>sensum</span> <span class='ocrx_word' id='word_1_149' title='bbox 526 2480 668 2561; x_wconf 88' lang='lat' dir='ltr'>operiant</span> <span class='ocrx_word' id='word_1_150' title='bbox 686 2479 909 2561; x_wconf 88' lang='lat' dir='ltr'>blasphemiae.</span> <span class='ocrx_word' id='word_1_151' title='bbox 942 2480 974 2543; x_wconf 93' lang='lat' dir='ltr'>in</span> <span class='ocrx_word' id='word_1_152' title='bbox 991 2479 1175 2543; x_wconf 84' lang='lat' dir='ltr'>alterutram</span> <span class='ocrx_word' id='word_1_153' title='bbox 1196 2478 1300 2559; x_wconf 87' lang='lat' dir='ltr'>itaque</span> 
     </span>
     <span class='ocr_line' id='line_1_20' title="bbox 163 2583 1299 2669; baseline -0.005 -18"><span class='ocrx_word' id='word_1_154' title='bbox 163 2590 282 2669; x_wconf 89' lang='lat' dir='ltr'>partem</span> <span class='ocrx_word' id='word_1_155' title='bbox 305 2585 446 2650; x_wconf 89' lang='lat' dir='ltr'>subsidia</span> <span class='ocrx_word' id='word_1_156' title='bbox 471 2586 618 2649; x_wconf 83' lang='lat' dir='ltr'>orationis</span> <span class='ocrx_word' id='word_1_157' title='bbox 646 2584 823 2649; x_wconf 81' lang='lat' dir='ltr'>excludunt.</span> <span class='ocrx_word' id='word_1_158' title='bbox 870 2584 942 2667; x_wconf 91' lang='lat' dir='ltr'>quid</span> <span class='ocrx_word' id='word_1_159' title='bbox 970 2584 1053 2647; x_wconf 91' lang='lat' dir='ltr'>enim</span> <span class='ocrx_word' id='word_1_160' title='bbox 1081 2583 1164 2647; x_wconf 87' lang='lat' dir='ltr'>ultra</span> <span class='ocrx_word' id='word_1_161' title='bbox 1186 2584 1299 2663; x_wconf 84' lang='lat' dir='ltr'>speret,</span> 
     </span>
     <span class='ocr_line' id='line_1_21' title="bbox 165 2686 1351 2773; baseline -0.007 -19"><span class='ocrx_word' id='word_1_162' title='bbox 165 2708 256 2771; x_wconf 88' lang='lat' dir='ltr'>quem</span> <span class='ocrx_word' id='word_1_163' title='bbox 278 2691 341 2754; x_wconf 91' lang='lat' dir='ltr'>iam</span> <span class='ocrx_word' id='word_1_164' title='bbox 364 2690 466 2773; x_wconf 84' lang='lat' dir='ltr'>gratia</span> <span class='ocrx_word' id='word_1_165' title='bbox 488 2707 580 2752; x_wconf 87' lang='lat' dir='ltr'>suum</span> <span class='ocrx_word' id='word_1_166' title='bbox 596 2690 690 2753; x_wconf 83' lang='lat' dir='ltr'>fecit?</span> <span class='ocrx_word' id='word_1_167' title='bbox 720 2690 753 2754; x_wconf 90' lang='lat' dir='ltr'>iu</span> <span class='ocrx_word' id='word_1_168' title='bbox 775 2708 869 2771; x_wconf 92' lang='lat' dir='ltr'>quoe</span> <span class='ocrx_word' id='word_1_169' title='bbox 886 2690 1037 2753; x_wconf 85' lang='lat' dir='ltr'>contrario</span> <span class='ocrx_word' id='word_1_170' title='bbox 1061 2706 1122 2752; x_wconf 91' lang='lat' dir='ltr'>non</span> <span class='ocrx_word' id='word_1_171' title='bbox 1146 2686 1298 2769; x_wconf 84' lang='lat' dir='ltr'>desperet,</span> <span class='ocrx_word' id='word_1_172' title='bbox 1326 2708 1351 2746; x_wconf 77' lang='lat' dir='ltr'>so</span> 
     </span>
     <span class='ocr_line' id='line_1_22' title="bbox 164 2792 1299 2877; baseline -0.004 -18"><span class='ocrx_word' id='word_1_173' title='bbox 164 2813 257 2877; x_wconf 89' lang='lat' dir='ltr'>quem</span> <span class='ocrx_word' id='word_1_174' title='bbox 288 2794 462 2877; x_wconf 89' lang='lat' dir='ltr'>praefinitio</span> <span class='ocrx_word' id='word_1_175' title='bbox 492 2794 631 2859; x_wconf 85' lang='lat' dir='ltr'>uiolenta</span> <span class='ocrx_word' id='word_1_176' title='bbox 659 2794 845 2858; x_wconf 81' lang='lat' dir='ltr'>damnauit?</span> <span class='ocrx_word' id='word_1_177' title='bbox 895 2794 927 2857; x_wconf 91' lang='lat' dir='ltr'>in</span> <span class='ocrx_word' id='word_1_178' title='bbox 956 2793 1014 2857; x_wconf 91' lang='lat' dir='ltr'>hoo</span> <span class='ocrx_word' id='word_1_179' title='bbox 1046 2793 1149 2874; x_wconf 86' lang='lat' dir='ltr'>culpa,</span> <span class='ocrx_word' id='word_1_180' title='bbox 1185 2792 1217 2855; x_wconf 91' lang='lat' dir='ltr'>in</span> <span class='ocrx_word' id='word_1_181' title='bbox 1247 2792 1299 2855; x_wconf 94' lang='lat' dir='ltr'>illo</span> 
     </span>
     <span class='ocr_line' id='line_1_23' title="bbox 165 2896 1300 2981; baseline -0.004 -18"><span class='ocrx_word' id='word_1_182' title='bbox 165 2900 264 2981; x_wconf 58' lang='lat' dir='ltr'>palia</span> <span class='ocrx_word' id='word_1_183' title='bbox 283 2901 389 2964; x_wconf 87' lang='lat' dir='ltr'>locum</span> <span class='ocrx_word' id='word_1_184' title='bbox 411 2917 474 2963; x_wconf 91' lang='lat' dir='ltr'>uon</span> <span class='ocrx_word' id='word_1_185' title='bbox 496 2897 600 2962; x_wconf 89' lang='lat' dir='ltr'>habet.</span> <span class='ocrx_word' id='word_1_186' title='bbox 635 2898 862 2979; x_wconf 88' lang='lat' dir='ltr'>periclitabitur</span> <span class='ocrx_word' id='word_1_187' title='bbox 884 2898 917 2961; x_wconf 93' lang='lat' dir='ltr'>in</span> <span class='ocrx_word' id='word_1_188' title='bbox 940 2901 1070 2977; x_wconf 89' lang='lat' dir='ltr'>utroque</span> <span class='ocrx_word' id='word_1_189' title='bbox 1093 2896 1220 2959; x_wconf 89' lang='lat' dir='ltr'>iustitia.</span> <span class='ocrx_word' id='word_1_190' title='bbox 1252 2915 1300 2959; x_wconf 91' lang='lat' dir='ltr'>re-</span> 
     </span>
     <span class='ocr_line' id='line_1_24' title="bbox 166 3000 1299 3082; baseline -0.003 -16"><span class='ocrx_word' id='word_1_191' title='bbox 166 3002 378 3067; x_wconf 88' lang='lat' dir='ltr'>munerabitur</span> <span class='ocrx_word' id='word_1_192' title='bbox 400 3002 468 3067; x_wconf 87' lang='lat' dir='ltr'>siue</span> <span class='ocrx_word' id='word_1_193' title='bbox 491 3001 562 3066; x_wconf 92' lang='lat' dir='ltr'>fidei</span> <span class='ocrx_word' id='word_1_194' title='bbox 578 3002 686 3065; x_wconf 90' lang='lat' dir='ltr'>merito</span> <span class='ocrx_word' id='word_1_195' title='bbox 707 3001 901 3082; x_wconf 77' lang='lat' dir='ltr'>adsumptae,</span> <span class='ocrx_word' id='word_1_196' title='bbox 925 3000 1124 3064; x_wconf 90' lang='lat' dir='ltr'>damnabitur</span> <span class='ocrx_word' id='word_1_197' title='bbox 1147 3000 1213 3063; x_wconf 86' lang='lat' dir='ltr'>sinc</span> <span class='ocrx_word' id='word_1_198' title='bbox 1228 3017 1299 3080; x_wconf 95' lang='lat' dir='ltr'>pro-</span> 
     </span>
     <span class='ocr_line' id='line_1_25' title="bbox 164 3105 1298 3187; baseline -0.003 -17"><span class='ocrx_word' id='word_1_199' title='bbox 164 3107 230 3187; x_wconf 84' lang='lat' dir='ltr'>prio</span> <span class='ocrx_word' id='word_1_200' title='bbox 244 3107 374 3171; x_wconf 85' lang='lat' dir='ltr'>crimine</span> <span class='ocrx_word' id='word_1_201' title='bbox 390 3106 567 3170; x_wconf 79' lang='lat' dir='ltr'>derelictus</span> <span class='ocrx_word' id='word_1_202' title='bbox 602 3105 687 3169; x_wconf 87' lang='lat' dir='ltr'>salus</span> <span class='ocrx_word' id='word_1_203' title='bbox 702 3106 776 3170; x_wconf 88' lang='lat' dir='ltr'>illuc</span> <span class='ocrx_word' id='word_1_204' title='bbox 796 3105 965 3187; x_wconf 83' lang='lat' dir='ltr'>ingerenda</span> <span class='ocrx_word' id='word_1_205' title='bbox 980 3108 1028 3167; x_wconf 88' lang='lat' dir='ltr'>est</span> <span class='ocrx_word' id='word_1_206' title='bbox 1051 3122 1112 3168; x_wconf 89' lang='lat' dir='ltr'>non</span> <span class='ocrx_word' id='word_1_207' title='bbox 1129 3105 1298 3185; x_wconf 88' lang='lat' dir='ltr'>quaerenti,</span> 
     </span>
     <span class='ocr_line' id='line_1_26' title="bbox 166 3210 1350 3275; baseline -0.008 -2"><span class='ocrx_word' id='word_1_208' title='bbox 166 3210 236 3273; x_wconf 90' lang='lat' dir='ltr'>hinc</span> <span class='ocrx_word' id='word_1_209' title='bbox 257 3211 428 3275; x_wconf 84' lang='lat' dir='ltr'>auferenda</span> <span class='ocrx_word' id='word_1_210' title='bbox 449 3210 614 3275; x_wconf 83' lang='lat' dir='ltr'>laboranti.</span> <span class='ocrx_word' id='word_1_211' title='bbox 1324 3226 1350 3264; x_wconf 68' lang='lat' dir='ltr'>aa</span> 
     </span>
    </p>

    <p class='ocr_par' dir='ltr' id='par_1_5' title="bbox 166 3314 1299 3707">
     <span class='ocr_line' id='line_1_27' title="bbox 207 3314 1298 3397; baseline -0.005 -17"><span class='ocrx_word' id='word_1_212' title='bbox 207 3315 265 3381; x_wconf 85' lang='lat' dir='ltr'>Sed</span> <span class='ocrx_word' id='word_1_213' title='bbox 292 3316 381 3380; x_wconf 87' lang='lat' dir='ltr'>dicis:</span> <span class='ocrx_word' id='word_1_214' title='bbox 411 3315 480 3379; x_wconf 87' lang='lat' dir='ltr'>ideo</span> <span class='ocrx_word' id='word_1_215' title='bbox 506 3332 593 3379; x_wconf 88' lang='lat' dir='ltr'>orare</span> <span class='ocrx_word' id='word_1_216' title='bbox 621 3314 727 3393; x_wconf 87' lang='lat' dir='ltr'>debat,</span> <span class='ocrx_word' id='word_1_217' title='bbox 755 3316 829 3395; x_wconf 90' lang='lat' dir='ltr'>quia</span> <span class='ocrx_word' id='word_1_218' title='bbox 855 3332 890 3377; x_wconf 86' lang='lat' dir='ltr'>er</span> <span class='ocrx_word' id='word_1_219' title='bbox 918 3332 979 3395; x_wconf 89' lang='lat' dir='ltr'>qua</span> <span class='ocrx_word' id='word_1_220' title='bbox 1005 3316 1093 3397; x_wconf 88' lang='lat' dir='ltr'>parte</span> <span class='ocrx_word' id='word_1_221' title='bbox 1122 3314 1162 3377; x_wconf 86' lang='lat' dir='ltr'>sit</span> <span class='ocrx_word' id='word_1_222' title='bbox 1190 3314 1298 3377; x_wconf 89' lang='lat' dir='ltr'>nescit.</span> 
     </span>
     <span class='ocr_line' id='line_1_28' title="bbox 166 3418 1297 3503; baseline -0.004 -19"><span class='ocrx_word' id='word_1_223' title='bbox 166 3420 233 3501; x_wconf 87' lang='lat' dir='ltr'>quis</span> <span class='ocrx_word' id='word_1_224' title='bbox 258 3438 320 3485; x_wconf 90' lang='lat' dir='ltr'>non</span> <span class='ocrx_word' id='word_1_225' title='bbox 351 3423 442 3503; x_wconf 89' lang='lat' dir='ltr'>putet</span> <span class='ocrx_word' id='word_1_226' title='bbox 466 3419 690 3483; x_wconf 86' lang='lat' dir='ltr'>rationabiliter</span> <span class='ocrx_word' id='word_1_227' title='bbox 721 3437 757 3482; x_wconf 92' lang='lat' dir='ltr'>ac</span> <span class='ocrx_word' id='word_1_228' title='bbox 786 3418 942 3500; x_wconf 86' lang='lat' dir='ltr'>sapienter</span> <span class='ocrx_word' id='word_1_229' title='bbox 971 3418 1066 3481; x_wconf 85' lang='lat' dir='ltr'>fuisse</span> <span class='ocrx_word' id='word_1_230' title='bbox 1093 3420 1297 3499; x_wconf 79' lang='lat' dir='ltr'>responsum?</span> 
     </span>
     <span class='ocr_line' id='line_1_29' title="bbox 166 3520 1299 3606; baseline -0.003 -20"><span class='ocrx_word' id='word_1_231' title='bbox 166 3524 220 3587; x_wconf 91' lang='lat' dir='ltr'>sed</span> <span class='ocrx_word' id='word_1_232' title='bbox 240 3524 312 3606; x_wconf 87' lang='lat' dir='ltr'>qnid</span> <span class='ocrx_word' id='word_1_233' title='bbox 334 3542 422 3588; x_wconf 90' lang='lat' dir='ltr'>orare</span> <span class='ocrx_word' id='word_1_234' title='bbox 450 3524 569 3588; x_wconf 89' lang='lat' dir='ltr'>homini</span> <span class='ocrx_word' id='word_1_235' title='bbox 594 3523 731 3605; x_wconf 90' lang='lat' dir='ltr'>proderit</span> <span class='ocrx_word' id='word_1_236' title='bbox 756 3524 790 3586; x_wconf 91' lang='lat' dir='ltr'>in</span> <span class='ocrx_word' id='word_1_237' title='bbox 813 3540 876 3586; x_wconf 89' lang='lat' dir='ltr'>uua</span> <span class='ocrx_word' id='word_1_238' title='bbox 902 3523 1012 3585; x_wconf 89' lang='lat' dir='ltr'>harum</span> <span class='ocrx_word' id='word_1_239' title='bbox 1037 3522 1167 3585; x_wconf 87' lang='lat' dir='ltr'>duarum</span> <span class='ocrx_word' id='word_1_240' title='bbox 1195 3520 1299 3584; x_wconf 91' lang='lat' dir='ltr'>condi-</span> 
     </span>
     <span class='ocr_line' id='line_1_30' title="bbox 166 3624 1299 3707; baseline -0.003 -17"><span class='ocrx_word' id='word_1_241' title='bbox 166 3627 247 3691; x_wconf 87' lang='lat' dir='ltr'>tione</span> <span class='ocrx_word' id='word_1_242' title='bbox 268 3628 455 3693; x_wconf 90' lang='lat' dir='ltr'>omnimodis</span> <span class='ocrx_word' id='word_1_243' title='bbox 478 3628 666 3691; x_wconf 78' lang='lat' dir='ltr'>constituto?</span> <span class='ocrx_word' id='word_1_244' title='bbox 697 3644 771 3690; x_wconf 89' lang='lat' dir='ltr'>uam</span> <span class='ocrx_word' id='word_1_245' title='bbox 796 3626 853 3689; x_wconf 87' lang='lat' dir='ltr'>etsi</span> <span class='ocrx_word' id='word_1_246' title='bbox 882 3625 920 3689; x_wconf 85' lang='lat' dir='ltr'>ad</span> <span class='ocrx_word' id='word_1_247' title='bbox 943 3643 1037 3706; x_wconf 88' lang='lat' dir='ltr'>quam</span> <span class='ocrx_word' id='word_1_248' title='bbox 1060 3630 1182 3707; x_wconf 89' lang='lat' dir='ltr'>partem</span> <span class='ocrx_word' id='word_1_249' title='bbox 1207 3624 1299 3687; x_wconf 87' lang='lat' dir='ltr'>luerit</span> 
     </span>
    </p>
   </div>
   <div class='ocr_carea' id='block_1_5' title="bbox 266 3842 461 3911">
    <p class='ocr_par' dir='ltr' id='par_1_6' title="bbox 266 3842 461 3911">
     <span class='ocr_line' id='line_1_31' title="bbox 266 3842 461 3911; baseline -0.01 -14"><span class='ocrx_word' id='word_1_250' title='bbox 266 3842 294 3911; x_wconf 84' lang='lat'>5]</span> <span class='ocrx_word' id='word_1_251' title='bbox 313 3842 380 3897; x_wconf 85' lang='lat' dir='ltr'>Gan.</span> <span class='ocrx_word' id='word_1_252' title='bbox 400 3845 424 3906; x_wconf 89' lang='grc'>2,</span> <span class='ocrx_word' id='word_1_253' title='bbox 437 3846 461 3898; x_wconf 87' lang='grc'>5.</span> 
     </span>
    </p>
   </div>
   <div class='ocr_carea' id='block_1_6' title="bbox 165 4022 1300 4440">
    <p class='ocr_par' dir='ltr' id='par_1_7' title="bbox 165 4022 1300 4440">
     <span class='ocr_line' id='line_1_32' title="bbox 207 4022 1300 4094; baseline -0.005 -13"><span class='ocrx_word' id='word_1_254' title='bbox 207 4026 224 4081; x_wconf 97' lang='grc'>2</span> <span class='ocrx_word' id='word_1_255' title='bbox 241 4024 366 4081; x_wconf 82' lang='lat' dir='ltr'>famulari</span> <span class='ocrx_word' id='word_1_256' title='bbox 383 4024 428 4081; x_wconf 81' lang='lat' dir='ltr'>nel</span> <span class='ocrx_word' id='word_1_257' title='bbox 446 4024 568 4079; x_wconf 78' lang='lat' dir='ltr'>tumulati</span> <span class='ocrx_word' id='word_1_258' title='bbox 586 4042 602 4080; x_wconf 87' lang='lat' dir='ltr'>o</span> <span class='ocrx_word' id='word_1_259' title='bbox 655 4026 670 4079; x_wconf 86' lang='grc'><strong>7</strong></span> <span class='ocrx_word' id='word_1_260' title='bbox 689 4042 772 4094; x_wconf 72' lang='lat' dir='ltr'>cuque</span> <span class='ocrx_word' id='word_1_261' title='bbox 784 4025 828 4081; x_wconf 85' lang='lat' dir='ltr'>bic</span> <span class='ocrx_word' id='word_1_262' title='bbox 840 4040 922 4093; x_wconf 80' lang='lat' dir='ltr'>neque</span> <span class='ocrx_word' id='word_1_263' title='bbox 934 4024 965 4077; x_wconf 80' lang='lat' dir='ltr'>in</span> <span class='ocrx_word' id='word_1_264' title='bbox 977 4024 1158 4093; x_wconf 80' lang='lat' dir='ltr'>capitulorum</span> <span class='ocrx_word' id='word_1_265' title='bbox 1171 4022 1259 4076; x_wconf 79' lang='lat' dir='ltr'>indico</span> <span class='ocrx_word' id='word_1_266' title='bbox 1273 4022 1300 4075; x_wconf 90' lang='lat' dir='ltr'><strong><em>P</em></strong></span> 
     </span>
     <span class='ocr_line' id='line_1_33' title="bbox 165 4108 1300 4182; baseline -0.003 -17"><span class='ocrx_word' id='word_1_267' title='bbox 165 4114 250 4167; x_wconf 79' lang='lat' dir='ltr'>allum</span> <span class='ocrx_word' id='word_1_268' title='bbox 268 4114 377 4168; x_wconf 68' lang='lat' dir='ltr'>nacturi</span> <span class='ocrx_word' id='word_1_269' title='bbox 397 4114 464 4167; x_wconf 81' lang='lat' dir='ltr'>noui</span> <span class='ocrx_word' id='word_1_270' title='bbox 485 4113 601 4181; x_wconf 80' lang='lat' dir='ltr'>capitali</span> <span class='ocrx_word' id='word_1_271' title='bbox 622 4114 767 4182; x_wconf 77' lang='lat' dir='ltr'>nestipium</span> <span class='ocrx_word' id='word_1_272' title='bbox 786 4128 855 4180; x_wconf 81' lang='lat' dir='ltr'>prae</span> <span class='ocrx_word' id='word_1_273' title='bbox 878 4128 905 4165; x_wconf 77' lang='lat' dir='ltr'>aa</span> <span class='ocrx_word' id='word_1_274' title='bbox 928 4112 980 4179; x_wconf 78' lang='lat' dir='ltr'>sert</span> <span class='ocrx_word' id='word_1_275' title='bbox 1050 4113 1066 4165; x_wconf 84' lang='lat'>8</span> <span class='ocrx_word' id='word_1_276' title='bbox 1088 4108 1250 4178; x_wconf 71' lang='lat' dir='ltr'>pdietinatus</span> <span class='ocrx_word' id='word_1_277' title='bbox 1272 4110 1300 4162; x_wconf 91' lang='lat' dir='ltr'><strong><em>P</em></strong></span> 
     </span>
     <span class='ocr_line' id='line_1_34' title="bbox 168 4196 1297 4268; baseline -0.006 -15"><span class='ocrx_word' id='word_1_278' title='bbox 168 4202 199 4254; x_wconf 83' lang='grc'>12</span> <span class='ocrx_word' id='word_1_279' title='bbox 215 4199 306 4268; x_wconf 87' lang='lat' dir='ltr'>planae</span> <span class='ocrx_word' id='word_1_280' title='bbox 325 4200 353 4253; x_wconf 94' lang='lat' dir='ltr'><strong><em>P</em></strong></span> <span class='ocrx_word' id='word_1_281' title='bbox 420 4214 478 4252; x_wconf 90' lang='lat' dir='ltr'>eam</span> <span class='ocrx_word' id='word_1_282' title='bbox 500 4199 598 4268; x_wconf 75' lang='lat' dir='ltr'>scripsi</span> <span class='ocrx_word' id='word_1_283' title='bbox 620 4200 679 4253; x_wconf 85' lang='lat' dir='ltr'>coll.</span> <span class='ocrx_word' id='word_1_284' title='bbox 703 4200 751 4253; x_wconf 81' lang='lat' dir='ltr'>lin.</span> <span class='ocrx_word' id='word_1_285' title='bbox 770 4203 813 4265; x_wconf 89' lang='lat'>15,</span> <span class='ocrx_word' id='word_1_286' title='bbox 837 4214 867 4251; x_wconf 82' lang='lat' dir='ltr'>aa</span> <span class='ocrx_word' id='word_1_287' title='bbox 885 4198 913 4250; x_wconf 94' lang='lat' dir='ltr'><strong><em>P</em></strong></span> <span class='ocrx_word' id='word_1_288' title='bbox 964 4196 1048 4263; x_wconf 83' lang='lat' dir='ltr'>adque</span> <span class='ocrx_word' id='word_1_289' title='bbox 1071 4198 1098 4250; x_wconf 88' lang='lat' dir='ltr'><strong><em>P</em></strong></span> <span class='ocrx_word' id='word_1_290' title='bbox 1169 4197 1199 4249; x_wconf 79' lang='lat'>14</span> <span class='ocrx_word' id='word_1_291' title='bbox 1222 4210 1297 4262; x_wconf 86' lang='lat' dir='ltr'>prae-</span> 
     </span>
     <span class='ocr_line' id='line_1_35' title="bbox 166 4274 1296 4350; baseline -0.005 -11"><span class='ocrx_word' id='word_1_292' title='bbox 166 4288 305 4341; x_wconf 83' lang='lat' dir='ltr'>sumnnto</span> <span class='ocrx_word' id='word_1_293' title='bbox 359 4274 814 4341; x_wconf 65' lang='lat' dir='ltr'>19orationiscoercionibus15</span> <span class='ocrx_word' id='word_1_294' title='bbox 869 4286 902 4337; x_wconf 86' lang='grc'>20</span> <span class='ocrx_word' id='word_1_295' title='bbox 921 4282 1036 4350; x_wconf 79' lang='lat' dir='ltr'>disparet</span> <span class='ocrx_word' id='word_1_296' title='bbox 1054 4284 1081 4336; x_wconf 88' lang='lat' dir='ltr'><strong><em>P</em></strong></span> <span class='ocrx_word' id='word_1_297' title='bbox 1136 4284 1169 4335; x_wconf 88' lang='grc'>22</span> <span class='ocrx_word' id='word_1_298' title='bbox 1188 4278 1296 4349; x_wconf 86' lang='lat' dir='ltr'>perecli-</span> 
     </span>
     <span class='ocr_line' id='line_1_36' title="bbox 166 4366 1234 4440; baseline -0.003 -16"><span class='ocrx_word' id='word_1_299' title='bbox 166 4370 302 4427; x_wconf 83' lang='lat' dir='ltr'>tabitan</span> <span class='ocrx_word' id='word_1_300' title='bbox 360 4374 394 4427; x_wconf 81' lang='grc'>24</span> <span class='ocrx_word' id='word_1_301' title='bbox 411 4371 483 4426; x_wconf 83' lang='lat' dir='ltr'>illio</span> <span class='ocrx_word' id='word_1_302' title='bbox 541 4375 574 4427; x_wconf 81' lang='grc'>25</span> <span class='ocrx_word' id='word_1_303' title='bbox 591 4371 653 4424; x_wconf 87' lang='lat' dir='ltr'>hinc</span> <span class='ocrx_word' id='word_1_304' title='bbox 671 4373 777 4440; x_wconf 55' lang='lat' dir='ltr'>scripsi,</span> <span class='ocrx_word' id='word_1_305' title='bbox 795 4370 856 4424; x_wconf 83' lang='lat' dir='ltr'>huic</span> <span class='ocrx_word' id='word_1_306' title='bbox 875 4371 902 4423; x_wconf 92' lang='lat' dir='ltr'><strong><em>P</em></strong></span> <span class='ocrx_word' id='word_1_307' title='bbox 958 4372 991 4423; x_wconf 83' lang='grc'>29</span> <span class='ocrx_word' id='word_1_308' title='bbox 1009 4366 1176 4421; x_wconf 85' lang='lat' dir='ltr'>orrrnimodus</span> <span class='ocrx_word' id='word_1_309' title='bbox 1196 4368 1234 4421; x_wconf 92' lang='lat' dir='ltr'>P¹</span> 
     </span>
    </p>
   </div>
   <div class='ocr_carea' id='block_1_7' title="bbox 0 0 1558 4892">
    <p class='ocr_par' dir='ltr' id='par_1_8' title="bbox 0 0 1558 4892">
     <span class='ocr_line' id='line_1_37' title="bbox 0 0 1558 4892; baseline 0 0"><span class='ocrx_word' id='word_1_310' title='bbox 0 0 1558 4892; x_wconf 95' lang='lat' dir='ltr'> </span> 
     </span>
    </p>
   </div>
  </div>
 </body>
</html>
