3100 4892
600 414 668 474 1111.
686 419 796 475 Serme
815 417 857 476 al.
1234 415 1296 486 321

201 591 348 678 Ideoque,
371 596 483 660 iratres
504 595 667 678 carissimi,
694 615 768 661 cnm
790 597 839 661 dei
862 595 1014 663 adiutorio
1037 599 1227 662 sententiam
1252 599 1299 662 di-

158 701 250 765 uinae
278 701 448 784 scripturae
475 700 641 784 diligenter
671 701 834 782 attendite,
863 720 925 784 qna
955 702 1080 766 dicitnr:
1112 705 1209 767 emni
1240 721 1299 766 eu-

40 806 41 811 ’
158 804 284 868 stedia
315 823 425 869 serua
457 809 670 872 certunm.
716 807 798 870 sicut
831 806 914 870 eninr
948 806 1147 890 gaudendum
1182 811 1231 871 est
1260 807 1298 872 de

158 908 321 987 monache,
344 910 398 989 qni
420 909 460 972 ad
483 911 709 974 nronasterinm
732 910 866 974 noluerit
889 911 1174 991 mansuetudinem,
1204 910 1298 975 ebec-

157 1012 317 1092 dientiam,
340 1013 527 1096 patientiam
551 1013 637 1078 mitis
661 1017 693 1078 et
711 1014 839 1078 humilis
859 1014 1012 1096 exhibere,
1036 1015 1081 1079 ita
1103 1035 1120 1078 e
1143 1015 1298 1080 contrarie
1337 1043 1350 1082 s

156 1117 329 1199 lugendum
352 1121 401 1180 est
423 1117 461 1181 de
485 1118 549 1198 ille,
572 1119 625 1200 qni
648 1137 777 1201 serpere
800 1122 925 1183 tantum
949 1119 1070 1183 uidetur
1093 1120 1130 1183 de
1151 1120 1209 1185 hec
1230 1138 1298 1184 sae-

157 1221 227 1284 enle
250 1222 361 1300 exisse,
391 1221 482 1286 cerde
504 1225 611 1286 tamen
634 1224 666 1287 iu
690 1224 806 1288 mnnde
829 1227 885 1287 ant
912 1224 1101 1288 remansisse
1131 1224 1298 1289 infideliter

156 1329 212 1388 ant
246 1325 360 1389 rediise
395 1326 561 1390 infeliciter
595 1328 792 1410 cognescitur
827 1331 858 1392 et
888 1345 943 1410 pre
973 1327 1151 1392 humilitate
1182 1329 1299 1411 prefert

157 1429 347 1512 superbiam,
374 1449 429 1513 pre
452 1431 606 1512 patientia
626 1432 829 1512 iracundiam,
860 1450 915 1515 pre
938 1431 1134 1497 oboedientia
1158 1437 1298 1496 centem-

155 1538 258 1615 ptum,
288 1552 344 1615 pre
374 1535 514 1598 caritatis
542 1535 769 1600 medicamento
798 1537 937 1600 malitiae
968 1536 1099 1601 ellnndit
1129 1555 1296 1601 uenenum.
1326 1566 1350 1603 ιο

157 1638 273 1701 talibus
297 1640 445 1703 conuenit
466 1639 521 1703 illa
543 1640 626 1704 beati
648 1640 735 1704 Petri
758 1658 833 1704 nera
856 1645 887 1704 et
910 1641 1045 1705 multnm
1070 1641 1210 1705 timenda
1230 1661 1298 1705 san·

156 1742 269 1806 tentia:
300 1742 450 1823 melius,
473 1744 584 1826 inquit,
607 1743 685 1808 illis
709 1745 833 1809 inerat
856 1763 926 1810 nen
950 1763 1176 1828 cognoscere
1199 1747 1298 1808 niam

156 1845 348 1926 institiae,
371 1865 479 1928 qnam
501 1851 586 1929 pest
608 1848 863 1931 cognitionem
885 1853 1091 1913 retrorsum
1115 1850 1297 1930 conuerti,

156 1950 341 2014 etiterum:
366 1951 469 2015 canis
492 1970 667 2016 renersns
688 1952 732 2015 ad
752 1954 932 2017 uomitum
957 1971 1062 2017 snum
1084 1958 1119 2017 et
1139 1957 1205 2016 sus
1220 1954 1299 2018 leta

157 2054 193 2117 in
229 2055 429 2120 nelntabre
463 2056 544 2119 lnti.
588 2057 643 2120 sed
673 2076 731 2121 nec
761 2057 799 2120 de
830 2057 946 2121 talibus
978 2057 1207 2140 desperandum
1238 2063 1296 2138 est,
1325 2085 1349 2124 ιι

155 2158 281 2238 iratres,
312 2160 388 2240 quia
412 2166 524 2243 petens
548 2165 597 2224 est
619 2161 696 2224 deus
719 2161 880 2225 orantibus
903 2162 992 2225 nobis
1016 2162 1184 2226 scintillam
1213 2180 1298 2226 cem-

156 2263 334 2346 punctionis
358 2264 527 2328 accendere
550 2268 582 2329 et
601 2284 727 2329 emnem
748 2266 863 2329 saeculi
879 2267 1072 2347 uoluptatem
1090 2267 1177 2331 uelut
1192 2267 1297 2347 spinas

157 2372 189 2430 et
210 2367 343 2432 tribules
367 2369 523 2449 nequitiae
546 2369 663 2433 salubri
687 2370 759 2452 igne
783 2388 976 2450 consumere,
1000 2370 1053 2434 ille
1084 2371 1191 2452 utique
1214 2371 1296 2452 igne,

156 2471 194 2534 de
222 2490 284 2554 que
312 2472 456 2536 deminus
483 2473 542 2537 ait:
574 2473 697 2555 ignem
724 2475 809 2538 ueni
841 2475 994 2538 mittere
1025 2475 1060 2537 in
1091 2476 1229 2538 terrani
1262 2478 1298 2537 et

156 2576 244 2656 quid
268 2576 367 2656 nelo,
390 2577 464 2641 nisi
486 2580 527 2640 nt
548 2577 700 2642 ardeat?
1326 2605 1352 2645 re

200 2679 295 2745 Orate
326 2699 409 2764 erge,
441 2681 553 2745 iratres
584 2681 788 2762 dilectissimi,
819 2701 881 2747 nen
912 2683 1012 2748 selum
1044 2687 1079 2746 nt
1105 2681 1194 2746 uebis
1223 2681 1299 2747 deus

156 2787 423 2868 perseuerantiam
455 2785 569 2850 bonam
599 2785 746 2869 dignetur
774 2787 924 2866 tribuere,
955 2787 1009 2852 sed
1040 2791 1071 2850 et
1098 2792 1134 2850 ut
1159 2787 1215 2867 illi,
1245 2786 1299 2868 qni

157 2889 360 2971 neglegentes
383 2893 467 2968 snut,
498 2889 626 2953 tandem
649 2890 783 2954 debeant
806 2891 844 2954 de
867 2891 959 2954 fenea
981 2891 1145 2973 superbiae
1169 2911 1202 2954 se
1226 2890 1300 2954 snb-

155 2994 262 3057 leuare
294 2997 325 3057 et
351 2993 389 3056 de
411 2993 533 3074 laqueis
557 3013 674 3059 eruere.
713 2996 845 3058 sienim
870 2995 959 3059 nobis
983 2995 1145 3060 orantibus
1174 3000 1298 3059 etcum

155 3098 287 3162 caritate
309 3098 476 3162 consilinm
502 3097 662 3178 dantibus,
693 3100 881 3182 quicumque
910 3103 984 3164 snnt
1010 3100 1106 3182 tepidi
1134 3102 1167 3162 et
1193 3099 1300 3181 negle·
1325 3127 1351 3166 rs

155 3205 277 3284 gentes,
301 3201 417 3266 inerint
439 3202 608 3283 emendati,
631 3203 825 3284 duplicatum
848 3203 938 3268 nobis
962 3204 1137 3286 praemium
1153 3203 1298 3266 deminus

158 3310 190 3370 et
212 3305 250 3368 dc
274 3310 381 3371 uestra
404 3305 487 3370 etde
503 3307 627 3372 illernm
644 3307 837 3391 correptione
851 3325 1090 3390 recompensare
1106 3307 1296 3391 dignabitur.

156 3427 231 3474 nam
255 3410 389 3490 necilli,
420 3411 475 3491 qni
497 3409 571 3475 beni
594 3415 678 3491 sunt,
711 3430 744 3475 se
767 3411 883 3476 debent
906 3413 996 3493 quasi
1023 3412 1060 3476 de
1089 3412 1154 3476 suis
1177 3411 1297 3475 meritis

156 3514 314 3594 extollere,
343 3531 400 3578 nec
427 3513 481 3596 illi,
512 3517 566 3596 qni
592 3515 796 3599 neglegentes
824 3519 907 3596 sunt,
939 3516 977 3580 de
1008 3515 1058 3580 dei
1088 3515 1299 3580 misericordia

156 3618 332 3701 desperare,
363 3618 418 3682 sed
448 3622 480 3683 et
505 3618 552 3682 illi
578 3637 651 3682 cum
677 3618 855 3683 humilitate
882 3621 930 3683 dei
959 3620 1040 3684 dena
1066 3619 1243 3684 custodiant
1266 3622 1298 3682 et
1324 3643 1351 3684 ao

156 3723 200 3785 illi
223 3740 296 3785 cunr
319 3721 430 3805 grandi
453 3723 694 3806 compunctione
715 3723 848 3788 celerius
869 3723 907 3788 ad
922 3724 1147 3807 paenitentiam
1163 3724 1215 3787 nel
1229 3741 1296 3786 cer-

155 3827 304 3910 reptienis
320 3825 551 3891 medicamenta
565 3827 757 3910 confugiant,
781 3828 865 3911 qnia,
881 3829 933 3911 qni
948 3829 1048 3892 benus
1066 3831 1124 3908 est,
1147 3828 1172 3891 si
1189 3845 1297 3909 snper-

259 4013 290 4084 2]
308 4013 387 4070 Pron.
400 4015 425 4079 4,
437 4017 479 4072 23.
536 4015 579 4085 12]
598 4013 699 4072 aren.
712 4017 737 4081 2,
749 4017 791 4072 21.
848 4015 892 4085 14]
911 4015 946 4070 ib.
959 4017 1001 4071 22.
1060 4015 1104 4085 la]
1122 4013 1186 4068 Luc.
1201 4017 1240 4080 12,
1252 4015 1294 4070 49.
1405 4015 1408 4022 ⁴

198 4193 212 4247 1
232 4205 296 4244 eum
314 4188 357 4242 dei
374 4188 507 4244 adiutorio
524 4207 575 4246 erre.
592 4189 631 4244 Ge
682 4191 699 4244 4
717 4191 745 4244 in
763 4191 925 4244 monasterio
945 4190 984 4245 Oe
1037 4189 1152 4244 uoluerit
1166 4195 1231 4259 post
1248 4205 1294 4258 pa-

155 4277 278 4332 tientiam
295 4277 400 4332 exbibet
416 4279 444 4332 A
497 4276 565 4332 tide
583 4276 687 4330 amenio
704 4277 787 4330 exisse
805 4276 913 4331 uidetur
930 4279 1040 4344 (omaso
1058 4277 1159 4343 hec)A
1212 4278 1247 4330 22
1266 4279 1296 4330 nt

155 4382 235 4420 em
287 4366 321 4419 27
339 4379 478 4432 repensare
496 4363 564 4418 130¹
617 4365 652 4418 30
670 4366 794 4419 creme
846 4363 916 4418 bona
938 4365 975 4419 Ue
1027 4365 1059 4418 31
1079 4362 1159 4418 istie

205 4457 349 4501 nemus.
1106 4452 1138 4500 21
