3100 4892
601 389 846 503 Froicgcmsns.
1232 435 1295 491 LXI

195 606 410 672 Sermonem
445 609 583 674 XXVIII
617 609 743 675 exhibet
776 610 889 676 codex
924 611 1122 676 Parisinus
1159 612 1295 677 biblio·

154 713 283 776 thecae
312 713 517 778 nationalis
544 713 688 779 latinns
717 734 747 778 n.
769 712 855 778 3822
882 716 1140 781 membranaceus
1167 719 1294 782 essex

154 817 217 898 (fol.
237 815 300 880 146
323 839 363 880 eu
387 815 484 880 libris
506 816 639 881 Iouuuis
666 817 766 904 Bupt.
788 817 871 882 md.
896 816 1050 882 Gustom's
1078 819 1116 884 de
1144 819 1295 884 Nouitlcs

154 918 290 984 Adducis
314 921 353 984 de
376 919 444 985 alto
462 921 576 1007 Fonte)
601 924 653 989 sol.
671 921 837 988 88²-9oa
861 925 963 989 editus
985 945 1084 1008 usqne
1107 927 1209 992 adhue
1232 945 1294 992 non

155 1033 228 1108 erat,
252 1045 446 1110 quamquam
470 1029 603 1094 eundem
627 1046 805 1094 sermonem
828 1030 1025 1113 eundemque
1044 1031 1182 1097 codicem
1202 1033 1295 1097 intel·

154 1133 263 1196 lexisse
287 1132 413 1196 uidetur
434 1132 567 1197 Iacobus
591 1131 745 1214 sirmond,
776 1153 848 1198 cum
878 1134 912 1198 in
939 1136 1088 1219 opusculo
1114 1134 1295 1222 Aupsutiui

154 1257 310 1298 sermonen
332 1235 413 1298 noui
435 1257 568 1300 uumero
583 1235 650 1316 XL,
674 1238 803 1302 Parisiis
829 1237 923 1320 1631,
947 1240 986 1305 ad
1008 1259 1186 1305 sermonem
1205 1241 1294 1306 XXV

154 1360 180 1422 p.
196 1338 261 1403 293
285 1339 363 1404 haee
386 1341 560 1405 adnotauit:
586 1340 728 1404 eiusdem
750 1341 937 1428 urpumeuti
958 1343 1038 1427 (soil.
1056 1345 1093 1408 de
1113 1345 1294 1410 inuentione

156 1465 176 1509 s.
192 1445 359 1529 Stephani)
383 1455 429 1507 est
452 1444 546 1531 apud
567 1466 624 1508 uos
648 1446 728 1531 (scil.
752 1447 784 1511 in
808 1447 913 1512 codice
936 1449 1092 1513 societatis
1116 1449 1188 1512 Iesu
1207 1449 1295 1513 Pari·

156 1551 279 1633 siensis)
295 1570 397 1612 sumno
413 1547 557 1612 noudum
573 1549 679 1613 editus
698 1550 817 1614 Fausti
832 1551 977 1637 episcopi
984 1549 1135 1636 fortusse
1147 1552 1295 1615 Reieusis

157 1653 189 1715 de
211 1652 415 1718 reuetutiouc
437 1676 461 1715 s.
479 1651 649 1739 Stephani,
677 1655 772 1719 cuius
797 1655 969 1719 morutium
990 1655 1038 1720 sic
1059 1677 1092 1718 sc
1115 1655 1209 1720 habet
1230 1657 1294 1739 (se-

156 1760 256 1840 quitur
281 1759 442 1823 exordium
466 1759 564 1823 nostri
588 1759 764 1843 sermonis).

193 1862 393 1928 Sermones
427 1863 734 1928 XXVIIII-XXXI
769 1865 895 1929 exhibet
928 1867 1039 1930 codex
1069 1866 1294 1950 Reginensis

156 1987 182 2031 n.
198 1967 263 2030 498
280 1986 361 2033 saec.
378 1967 598 2033 ΧΠΙ--ΧΙΙΠ
615 1969 668 2032 fol.
682 1967 749 2050 71¹¹,
762 1969 829 2050 72⁰,
843 1969 999 2032 ren-76¹
1016 1971 1152 2035 auctoris
1168 1973 1293 2035 nomine

156 2075 237 2138 nulio
260 2074 329 2138 loco
352 2074 524 2155 nominato,
548 2074 603 2138 sed
626 2075 785 2139 antecedit
807 2075 859 2139 iol.
877 2073 932 2138 ‘10¹
956 2083 1116 2138 tractatus
1138 2095 1164 2138 s.
1177 2072 1295 2159 fausti

157 2177 190 2240 de
217 2177 401 2241 usceusioue
429 2175 553 2240 domim
581 2177 671 2262 (inat
700 2179 783 2242 scire
806 2177 962 2256 debemus,
978 2160 1049 2264 fut,
1070 2160 1115 2264 ᾖ
1134 2177 1294 2242 hodierna

151 2281 350 2368 fectiuitas),
378 2284 432 2365 qui
460 2287 508 2347 est
535 2283 644 2348 Fausti
672 2302 776 2348 sermo
803 2285 909 2349 XXVI
939 2285 1129 2349 collectionis
1156 2284 1294 2349 Pseudo-

157 2387 359 2468 Fnsebianae,
383 2392 415 2452 et
437 2387 497 2472 ipsi
519 2391 582 2452 tres
606 2406 778 2469 sermones
802 2389 855 2470 qui
870 2389 951 2453 inter
968 2408 1001 2453 se
1017 2389 1194 2469 cohaerent,
1217 2389 1293 2453 Iocis

157 2511 190 2555 ex
206 2493 265 2556 alio
281 2492 390 2556 Fausti
405 2492 564 2576 opusculo,
587 2491 683 2558 libros
700 2493 737 2556 de
753 2492 865 2575 spirItn
880 2497 989 2558 sancto
1004 2493 1083 2574 dico,
1099 2493 1292 2577 depromptis

157 2600 285 2676 scatent,
309 2615 404 2678 quere
427 2596 544 2661 Fausto
567 2615 619 2661 eos
643 2597 845 2662 attribuimus
873 2598 927 2679 (of.
943 2598 1047 2663 studia
1073 2601 1181 2663 nostra
1202 2617 1232 2680 p.
1248 2595 1293 2660 40

157 2705 187 2765 et
217 2699 280 2785 87).
323 2701 501 2766 Suitbertus
524 2702 680 2765 Baeumer
711 2705 818 2766 autem
847 2701 1013 2783 (Xatholik
1047 2700 1127 2764 1887
1158 2721 1189 2784 p.
1213 2699 1291 2787 392)

157 2805 333 2872 Caesarium
356 2806 576 2871 Arelatensem
598 2806 711 2870 harum
735 2806 933 2871 homiliarum
957 2807 1140 2889 scriptorem
1168 2825 1237 2870 esse
1260 2810 1292 2870 et

154 2911 185 2975 in
208 2911 309 2976 codice
332 2911 468 2992 quodam
491 2911 606 2975 saeculi
622 2911 724 2975 oetaui
740 2930 793 2975 eas
808 2915 1009 2995 praenotatas
1025 2931 1108 2976 esse:
1132 2933 1171 2972 eu
1194 2909 1291 2973 dietis

158 3012 271 3076 Fumts‘
296 3053 338 3060 —
365 3035 466 3077 semuo
493 3035 518 3076 s.
544 3011 694 3077 Caesarii
720 3015 880 3080 contendit
907 3014 950 3098 (p.
971 3013 1059 3098 394).
1103 3015 1158 3079 sed
1185 3015 1291 3079 uirum

156 3119 275 3184 doctum
305 3137 406 3184 errore
434 3120 597 3184 inductum
626 3120 684 3183 hoc
712 3121 861 3184 statuisse
890 3120 949 3184 ulio
972 3122 1039 3184 Ioco
1063 3121 1163 3184 fusius
1187 3121 1292 3203 expla-

156 3225 294 3288 nauirnus
315 3224 460 3308 (Ephem.
476 3243 582 3308 gymn.
599 3226 696 3288 anstr.
715 3222 800 3286 1890
821 3245 852 3307 p.
868 3222 932 3286 298
949 3224 1019 3307 sp).
1058 3244 1094 3288 ex
1110 3225 1214 3288 codice
1230 3224 1291 3288 Re·

155 3328 271 3410 ginensi
285 3329 405 3411 primus
422 3328 517 3392 edidIt
536 3345 694 3392 sermones
710 3327 835 3412 Angelo
846 3329 913 3393 Mai
928 3329 960 3392 in
972 3327 1137 3412 spicilegio
1149 3329 1290 3393 Romano

155 3431 183 3493 V
204 3430 243 3494 85
258 3451 323 3516 sqq.
353 3433 491 3498 codicem
516 3451 534 3496 a
556 3432 640 3496 Maio
664 3434 838 3496 accuratius
862 3451 924 3497 non
947 3433 1139 3514 descriptum
1160 3433 1291 3497 inuesti-

155 3537 238 3618 gauit
252 3541 283 3602 et
298 3556 405 3602 meum
421 3537 453 3601 in
469 3555 561 3601 usum
576 3538 708 3601 contulit
723 3536 907 3602 Franciscus
919 3537 1015 3602 Klein
1027 3537 1290 3618 Uindobonensis,

156 3641 205 3721 qui
231 3643 325 3706 etiam
349 3661 365 3706 e
389 3641 500 3705 ceteris
530 3641 687 3706 codicibus
711 3641 830 3706 Romae
853 3642 1033 3722 asseruatiS,
1064 3642 1116 3724 qui
1147 3641 1290 3705 homilias

156 3743 333 3812 Faustianos
357 3747 529 3826 continent,
559 3764 638 3827 quae
662 3747 838 3811 necessaria
864 3751 963 3828 erant,
994 3747 1093 3810 amice
1115 3745 1193 3810 mibi
1217 3765 1291 3828 sup·

155 3849 308 3931 peditauit.

199 3953 312 4020 Codex
340 3954 597 4020 bibliothecae
621 3954 828 4020 Uaticanae
851 3955 1050 4020 Palatinus
1073 3974 1103 4019 n.
1121 3953 1186 4018 220
1208 3972 1289 4020 saec.

156 4057 243 4124 VIIII
271 4059 323 4125 sol.
349 4057 410 4122 63¹
442 4057 579 4123 exhibet:
611 4056 699 4120 dictu
728 4055 777 4121 tet
797 4056 968 4143 faustini:
996 4058 1286 4143 quamtumcumque,

150 4157 273 4244 scutras
296 4161 472 4240 carissimi,
502 4172 687 4224 secretorum
709 4172 893 4247 martyrum
914 4161 1071 4226 solemnia
1093 4160 1289 4224 celebramus

158 4269 243 4349 etqa,
272 4269 323 4350 qni
354 4285 457 4332 sermo
485 4267 586 4332 editus
614 4271 663 4331 est
690 4268 770 4332 inter
794 4267 964 4351 Augustini
991 4286 1151 4332 sermones
1179 4267 1288 4330 dubios

158 4368 290 4438 GOXXV
313 4372 388 4437 olim
412 4391 431 4437 a
453 4371 541 4436 nobis
565 4373 596 4436 in
613 4371 724 4436 studiis
741 4372 779 4435 de
794 4371 903 4436 Fausti
920 4372 1045 4456 scriptis
1068 4393 1097 4456 p.
1115 4370 1158 4434 96
1173 4371 1289 4436 Fausto
