3100 4892
632 432 731 486 Liber
747 432 777 486 II
795 435 818 488 4.
1232 433 1293 496 143

160 611 309 673 sauctus
321 609 621 692 otloquebantnr
636 610 775 693 linguis
793 613 829 674 ct
843 609 1130 692 prophetabant.
1155 609 1292 689 aduerte,

161 712 236 795 quia,
257 731 330 778 oum
344 713 543 798 baptizantur
558 714 591 779 in
607 714 733 780 nomine
748 713 831 794 Iesu,
855 717 964 797 postea
979 713 1135 796 accipiunt
1150 713 1293 796 spiritum

159 820 300 882 sanctum
316 821 348 884 ot
361 818 576 902 propheticam
591 837 627 883 ax
642 818 792 901 paracleti
807 817 1003 882 inuocatione
1023 818 1181 882 uirtutem.
1220 834 1293 881 uere

159 920 229 986 deus
253 925 313 1004 cst,
339 924 393 1005 qui
413 926 486 1007 post
509 923 558 987 dei
581 923 696 988 donum
719 921 905 1006 plenitudini
928 922 1049 1005 inponit
1077 924 1292 1006 angmentum.

198 1027 279 1092 Ecce
310 1027 431 1092 duabus
461 1027 602 1111 personis
632 1028 666 1092 in
696 1025 852 1110 baptismo
883 1024 1066 1110 significatis
1093 1030 1183 1110 pater
1204 1025 1293 1089 inuo-
1332 1051 1345 1091 a

158 1135 243 1196 catus
266 1150 336 1196 esse
358 1149 421 1197 nou
442 1131 568 1216 legitur,
596 1131 651 1196 sed
675 1135 792 1212 tamem
819 1135 854 1196 ut
877 1131 959 1196 credi
982 1135 1112 1214 oportet,
1135 1149 1206 1194 cum
1229 1129 1293 1195 fibo

158 1239 188 1300 ot
213 1237 325 1319 spiritu
352 1239 460 1301 sancto
483 1237 603 1301 unitate
626 1236 791 1320 potestatis
815 1239 847 1300 et
868 1236 990 1300 deitatis
1014 1238 1168 1318 operatur,
1199 1252 1293 1318 quem

158 1341 292 1406 adfuisse
322 1358 412 1405 sacra
440 1341 531 1406 lectio
559 1340 666 1422 tacuit,
697 1357 760 1405 non
784 1341 918 1424 negauit.
965 1359 1037 1404 cum
1060 1341 1198 1404 uenisset
1220 1357 1293 1423 ergo

157 1445 281 1528 spiritus
311 1450 439 1512 sauctus
470 1465 562 1530 super
593 1464 656 1528 eos,
686 1449 762 1511 tunc
792 1445 1000 1527 loquebantur
1030 1445 1145 1529 linguis
1169 1447 1200 1508 et
1222 1461 1293 1527 pro-

155 1548 335 1632 phetabant.
380 1551 463 1631 uide,
494 1553 630 1633 quantae
651 1551 810 1634 potentiae
841 1550 882 1613 sit
912 1549 1040 1633 spiritus
1071 1553 1207 1614 sauctus
1260 1548 1293 1611 in
1321 1575 1346 1614 ιο

157 1652 312 1738 baptismo
339 1658 538 1739 peccatorum
561 1653 736 1719 abremissa
757 1654 921 1735 donantur,
951 1655 983 1718 in
1007 1654 1145 1718 aduentu
1167 1653 1292 1736 spiritns

157 1760 255 1823 sancti
277 1760 431 1824 uirtutum
454 1776 585 1824 munera
606 1759 808 1824 conferuntur
831 1763 863 1823 et
881 1776 900 1823 a
915 1757 1106 1824 confirmatis
1130 1759 1291 1842 signorum

157 1863 305 1928 miracula
335 1863 540 1928 celebrautm.
587 1863 689 1928 solent
720 1867 826 1928 autem
854 1863 995 1928 ueritatis
1019 1863 1112 1928 alieni
1136 1862 1232 1927 etiam
1255 1863 1292 1926 de

157 1966 282 2049 syllabis
312 1968 504 2034 calumniari.
558 1986 633 2032 nam
663 1986 734 2032 cum
765 1968 802 2031 de
831 1967 969 2031 trinitate
1000 1967 1119 2032 dictum
1149 1966 1292 2032 absoluto

157 2072 346 2136 uouerimus:
380 2072 555 2154 quoniam
584 2090 625 2135 or
654 2072 734 2154 ipso
765 2074 802 2136 et
830 2089 894 2155 per
923 2071 1043 2154 ipsum
1079 2075 1115 2135 et
1144 2071 1180 2135 in
1211 2071 1292 2155 ipso
1319 2096 1344 2136 1⁵

157 2179 241 2239 suut
269 2176 407 2257 omnia,
440 2177 511 2260 plns
547 2195 616 2240 esse
647 2194 682 2240 ex
713 2177 781 2259 ipso
812 2193 907 2258 quam
936 2195 991 2258 per
1021 2176 1123 2260 ipsum
1155 2179 1185 2240 et
1215 2175 1292 2240 item

156 2280 414 2362 praepositionem
436 2280 528 2361 haue,
550 2280 582 2344 id
605 2283 654 2344 est
674 2299 729 2363 per
753 2280 879 2344 maioris
901 2281 1134 2364 praerogatiuae
1158 2299 1226 2344 osse
1242 2298 1292 2344 aa·

158 2388 264 2449 serunt
291 2401 386 2468 quam
409 2385 443 2450 in
464 2386 577 2468 ipsum.
623 2384 678 2449 sed
701 2384 727 2449 si
750 2385 783 2448 in
806 2384 873 2467 ipso
897 2384 934 2447 de
957 2384 1067 2467 spiritu
1090 2387 1198 2449 sancto
1220 2403 1292 2448 cum

157 2487 360 2555 diminutione
391 2490 558 2572 potestatis
590 2489 708 2553 dictum
738 2487 942 2568 arbitrantur,
977 2489 1106 2554 audiant
1135 2489 1292 2574 praeposi·

155 2593 246 2657 bonis
267 2593 361 2657 huius
384 2592 650 2677 magnificentiam
673 2595 705 2656 et
727 2593 891 2676 accipiant,
915 2594 986 2675 quia
1009 2593 1103 2658 etiam
1120 2593 1290 2658 secundum
1318 2617 1344 2656 ao

155 2697 290 2779 ipsorum
322 2697 524 2762 assertionem
555 2697 593 2762 de
620 2698 730 2780 spiritu
754 2701 861 2762 saneto
884 2699 1129 2781 intellegendum
1153 2701 1209 2762 est.
1254 2700 1290 2762 in

154 2800 249 2883 ipso,
278 2801 387 2883 inquit,
418 2802 581 2865 uiuimus
612 2806 648 2866 ct
674 2820 863 2866 monemur
887 2806 922 2866 et
945 2821 1080 2866 sumus
1127 2806 1159 2866 et
1180 2802 1290 2866 merito

153 2903 186 2968 in
208 2905 276 2988 ipso
298 2905 434 2970 uiuimus
458 2909 489 2970 et
511 2923 675 2970 monemur
698 2911 730 2970 et
752 2925 872 2987 sumus,
896 2906 928 2970 in
951 2924 1012 2988 quo
1034 2906 1170 2989 reparati
1192 2925 1228 2971 ao
1242 2926 1291 2970 re-

154 3010 292 3091 generati
314 3029 432 3074 snmus.
468 3011 522 3075 scd
545 3014 577 3074 ct
598 3030 653 3093 per
676 3011 780 3093 ipsum
804 3011 900 3075 etiam
924 3011 962 3074 ad
985 3010 1129 3094 spiritum
1146 3014 1288 3075 sanctum

154 3113 350 3179 referendum
373 3134 441 3180 esse
464 3117 690 3199 cognoscimus,
718 3116 798 3180 sieut
821 3113 934 3179 habes:
966 3115 1031 3181 alii
1054 3115 1202 3198 quidem
1226 3135 1290 3199 per
1316 3141 1341 3180 ra

154 3217 325 3300 spiritum
346 3219 454 3284 datur
474 3237 594 3284 sermo
617 3220 843 3302 sapientiae,
867 3220 932 3285 alii
956 3237 1077 3284 sermo
1093 3220 1289 3301 scientiae,

154 3320 231 3386 item
267 3324 305 3388 ad
338 3323 516 3390 Hebraeos:
553 3326 615 3408 qui
651 3344 714 3408 per
752 3326 926 3407 spiritum
963 3328 1133 3390 sanctum
1171 3331 1290 3390 semet

257 3531 490 3600 15]Rcm.11,36.
532 3531 750 3602 numerata
792 3531 1020 3602 capreoeras.
1061 3532 1108 3602 aa]
1120 3531 1201 3586 seor.
1212 3537 1236 3598 e,
1248 3535 1288 3589 14.

198 3722 276 3790 aqui
294 3723 321 3778 P
371 3689 766 3793 baptiza'tuermaab.)
819 3723 1156 3828 nomine]dominiuudd.o
1208 3729 1289 3794 3pa·

155 3833 247 3903 raelyti
265 3837 292 3891 P
351 3836 452 3891 uirtute
473 3837 501 3891 P
559 3835 636 3892 luci
655 3855 705 3894 mn.
723 3838 749 3892 V
810 3836 924 3905 imponit
948 3839 974 3892 P
1043 3841 1198 3908 agmantum
1216 3839 1243 3893 P
1258 3839 1287 3905 (u

153 3939 225 3976 maa.
245 3925 310 3994 ult),
338 3926 566 3994 argumentamur
641 3927 787 3980 6tantum
810 3926 837 3979 P
910 3926 1055 3984 Salluissc
1079 3929 1111 3994 P,
1135 3925 1288 3981 abfuisseo

155 4009 237 4063 tacuit
257 4028 306 4066 om.
327 4011 355 4066 P
422 4026 485 4080 ergo
503 4029 553 4068 om.
573 4011 601 4066 P
669 4010 897 4079 9loqnaebontur
918 4014 945 4069 V
1012 4016 1044 4069 10
1063 4017 1176 4082 quantae
1195 4017 1287 4081 poton-

155 4095 208 4147 tiae
221 4096 265 4166 V²‚
288 4100 388 4166 quauta
403 4097 525 4167 potentia
545 4098 612 4153 V¹P
679 4098 764 4152 sancti
783 4099 811 4153 P
881 4101 912 4155 la
935 4099 1113 4169 celebrantur]
1135 4101 1185 4155 boc
1206 4100 1286 4154 mbo

156 4181 250 4238 omnia
266 4185 291 4239 V
305 4185 402 4241 addito
419 4203 490 4240 moa.
504 4186 566 4240 alt:
587 4183 633 4238 dci
649 4185 747 4256 pplura
804 4185 905 4255 autam]
928 4188 1033 4242 enimc
1089 4189 1120 4242 14
1142 4184 1243 4240 sillabis
1262 4187 1289 4238 P

157 4269 292 4371 lizipsov
362 4273 395 4327 22
414 4275 518 4342 etpost
537 4272 652 4326 uiuimus
669 4292 720 4328 om.
739 4291 755 4328 o
771 4280 884 4342 atropos
902 4275 959 4330 loco
1017 4276 1051 4328 23
1070 4273 1112 4342 ac]
1130 4275 1191 4328 eto
1246 4287 1286 4324 re·

156 4383 237 4448 gemti
253 4385 280 4440 R
334 4387 368 4440 25
386 4386 555 4452 agnoscimus
572 4405 589 4441 c
