3100 4892
213 409 253 472 10
671 408 692 461 l.
711 408 756 461 Dc
774 408 882 476 gratia

211 585 250 648 ad
276 584 436 648 hominem
464 583 675 647 subruendum
705 583 741 646 de
771 601 844 646 casu
871 583 993 665 proprio
1020 583 1172 664 lapsuque
1194 581 1347 665 disposuit

211 692 255 768 ut,
275 687 428 770 quomodo
451 689 572 768 cecidit,
597 689 640 752 sic
663 688 793 771 decepit.

253 791 331 872 Quid
355 810 427 857 uero
451 792 533 856 aliud
557 791 801 874 intellegendum
826 795 874 855 est
896 792 992 855 etiam
1012 792 1045 855 in
1067 792 1145 873 ipsa,
1169 809 1231 873 qua
1252 791 1345 854 homo

210 896 352 961 conditus
369 901 427 976 est,
440 897 488 960 dei
503 897 639 980 imagine
651 896 710 960 nisi
720 895 924 978 perennitatis
937 895 1080 978 insigne?
1096 913 1192 976 quam
1202 895 1346 976 perenni·

171 1015 184 1054 ⁵
211 1005 307 1065 tatem
324 1019 384 1065 uon
399 1001 500 1064 solum
513 1001 635 1064 animae
652 1018 712 1064 non
730 1000 919 1081 ademptam,
935 1000 990 1062 sed
1006 1000 1099 1063 etiam
1115 999 1234 1082 corpori
1249 1017 1345 1082 agno-

210 1106 269 1169 scis
285 1105 518 1169 resurrectionis
539 1105 652 1168 uirtute
668 1107 853 1187 reparatam.
884 1108 1072 1186 quapropter
1087 1104 1345 1168 inmortalitatem

209 1209 328 1273 homini
351 1209 540 1272 conmissum
564 1226 625 1272 non
649 1207 772 1272 dubites
796 1211 868 1272 aute
891 1209 1026 1291 culpam,
1049 1226 1152 1289 quam
1166 1208 1252 1272 reddi
1273 1227 1345 1292 per·

210 1313 302 1395 spinis
327 1313 422 1376 etiarn
444 1316 515 1396 post
537 1313 670 1376 ruinam.

252 1415 376 1480 Asserit
396 1435 469 1499 ergo
485 1417 629 1500 Pelagius
646 1415 759 1496 Adam,
783 1417 851 1480 siue
873 1400 1034 1500 peccasset
1055 1417 1121 1480 siue
1142 1435 1203 1482 uon
1219 1436 1345 1500 peccas·

159 1539 183 1575 1⁰
211 1524 271 1600 set,
302 1521 486 1584 omnimodis
517 1521 612 1584 tuisse
642 1521 838 1585 moriturum.
878 1525 909 1584 et
936 1521 995 1584 hoc
1025 1540 1060 1584 ex
1089 1521 1159 1604 ipsa
1188 1523 1344 1605 pronitate

210 1625 379 1703 descendit,
403 1643 464 1705 qua
488 1627 582 1707 negat
604 1625 752 1708 originale
777 1625 935 1689 delictum.
975 1625 1050 1688 dum
1073 1626 1157 1689 enirn
1180 1625 1344 1690 adfirmare

209 1727 368 1792 contendit
384 1729 579 1810 mort[al]em
599 1729 817 1792 necessitatem
834 1729 1019 1793 conditionis
1035 1729 1142 1810 fuisse,
1164 1749 1226 1795 11011
1243 1735 1344 1794 trans-

209 1831 386 1914 gressionis,
410 1832 479 1896 uult
498 1833 595 1897 uideri
618 1833 767 1916 originem
787 1834 879 1897 huius
902 1833 997 1899 debiti
1016 1852 1078 1897 non
1098 1819 1232 1917 aseruo,
1255 1836 1309 1900 sed
1324 1855 1346 1900 a

209 1935 343 2015 domino,
367 1953 428 2000 non
445 1955 463 2000 a
478 1940 701 2020 contemptore,
725 1939 780 2002 sed
803 1937 841 2001 ab
865 1943 990 2002 auctore
1013 1939 1162 2020 coepisse,
1186 1943 1222 2003 ut
1236 1941 1344 2005 mortis

158 2056 182 2094 1⁵
209 2039 257 2102 len
273 2040 472 2104 ordinationis
497 2041 639 2106 credatur
655 2061 733 2122 esse,
757 2061 819 2107 nou
835 2043 981 2106 criminis.
1022 2047 1053 2107 et
1071 2043 1153 2108 hauc
1175 2044 1342 2128 lugendam

209 2145 425 2208 contritionem
449 2164 541 2228 super
563 2146 737 2210 humanum
760 2165 859 2229 genus
882 2164 944 2211 11011
966 2149 1195 2229 praeuaricator
1217 2153 1344 2231 putetur

208 2248 430 2328 transmisisse,
454 2249 507 2312 sed
531 2249 690 2313 conditor?
736 2253 767 2313 et
789 2249 842 2312 ubi
865 2252 913 2313 est
935 2251 1026 2315 illud:
1053 2251 1197 2316 inuidia
1219 2257 1342 2316 autern

208 2351 348 2416 diaboli
372 2370 467 2417 mors
491 2352 664 2417 introiuit
686 2353 722 2416 in
745 2353 871 2418 orbem
893 2357 1097 2419 terrarum?
1140 2356 1215 2419 dum
1238 2361 1343 2422 autem

207 2459 369 2538 peccatum
387 2457 512 2539 originis
529 2457 671 2540 denegat,
695 2457 776 2521 tollit
791 2457 917 2522 omnino
933 2476 1071 2539 causam,
1092 2478 1153 2541 qua
1167 2462 1344 2544 redemptor

157 2575 181 2613 so
209 2559 379 2622 aduenerit.
410 2559 583 2640 uideamus,
599 2563 704 2624 utrum
727 2580 782 2642 per
797 2561 993 2625 uoluntatem
1016 2562 1065 2626 dei
1081 2581 1118 2626 an
1140 2583 1195 2646 per
1209 2566 1343 2629 hominis

208 2662 393 2744 prauitatem
417 2663 521 2726 infelix
547 2668 578 2727 et
597 2663 737 2728 deflenda
759 2665 893 2729 conditio
915 2666 1040 2730 initium
1064 2670 1240 2750 sumpserit.
1272 2670 1343 2733 audi

208 2765 282 2846 quid
310 2766 385 2831 tuba
411 2769 557 2846 personet
585 2768 740 2832 ueritatis:
771 2773 984 2852 propterea,
1012 2771 1127 2852 inquit,
1155 2774 1253 2837 sicut
1277 2793 1344 2855 per

209 2889 320 2932 unum
351 2870 536 2933 hominem
567 2871 603 2934 in
634 2871 731 2935 huuc
758 2874 930 2937 muudum
960 2879 1155 2956 peccatum
1185 2877 1345 2941 intrauit

210 2978 245 3036 et
267 2993 329 3055 per
351 2977 542 3055 peccatum
560 2993 669 3054 mors,
693 2976 745 3040 ita
760 2977 796 3040 iu
811 2995 937 3041 ornnes
960 2979 1129 3044 homiues
1145 2999 1242 3045 mors
1264 3002 1344 3063 per-

156 3094 182 3133 11
211 3077 377 3156 transiit,
410 3077 445 3141 in
476 3095 544 3159 quo
574 3097 700 3143 omnes
731 3087 995 3162 peccauerunt.
1041 3084 1170 3147 dicendo
1197 3085 1343 3169 Pelagius

208 3178 310 3244 Adam
341 3181 504 3245 mortalem
535 3183 650 3246 factum
680 3184 712 3247 iu
743 3185 844 3265 primo
874 3186 1013 3249 facturae
1043 3187 1150 3252 ordine
1182 3189 1345 3253 constituit

210 3288 352 3364 mortem,
381 3304 474 3366 quarn
502 3306 660 3369 pronora
685 3290 959 3370 praeuaricationis
983 3292 1073 3355 tertio
1100 3293 1198 3375 gradu
1222 3296 1344 3357 constat

209 3388 385 3469 inpositam.
422 3390 514 3453 homo
538 3391 620 3454 enirn
644 3411 720 3474 opus
744 3393 802 3472 dei,
826 3397 989 3474 peccatum
1013 3413 1089 3476 opus
1112 3394 1237 3474 diaboli,
1261 3414 1343 3460 mors

208 3493 461 3574 poenapeccati.
501 3511 575 3557 nam
602 3496 758 3576 apostolus
787 3514 850 3560 non
877 3497 969 3561 dixit:
1001 3499 1147 3563 uoluntas
1175 3500 1223 3563 dei
1251 3519 1343 3580 mors,

157 3613 182 3652 so
211 3596 281 3658 sed:
306 3596 533 3679 stipendium
555 3601 699 3680 peccati
722 3618 827 3664 mors.

252 3699 348 3763 Dolus
372 3719 444 3783 ergo
468 3702 534 3765 eius
557 3702 588 3765 iu
616 3703 768 3784 profundo
790 3705 925 3769 latentes
949 3706 1110 3771 sollicitius
1133 3709 1342 3791 inspiciamus.

209 3803 276 3866 ideo
305 3805 436 3867 mortem
465 3805 601 3888 adplicat
627 3806 787 3888 conditori,
815 3811 858 3888 ut,
886 3808 923 3872 de
950 3829 1010 3891 quo
1036 3811 1235 3892 potissimum
1262 3813 1344 3877 malo

314 3957 357 4024 17]
377 3959 436 4026 Sap.
456 3961 480 4023 2,
493 3961 534 4014 24.
587 3960 632 4027 22]
652 3960 727 4014 Rom.
747 3965 825 4024 5,12.
878 3965 923 4032 30]
943 3964 1018 4017 Rom.
1038 3969 1062 4028 6,
1075 3968 1116 4020 23.

252 4078 431 4146 liruagiucm
450 4080 471 4132 si
491 4081 518 4134 P
585 4084 771 4150 dreparatum
790 4085 817 4137 P
885 4085 1007 4140 andam
1025 4106 1106 4142 cmc
1173 4091 1204 4142 lo
1221 4087 1345 4141 omnibus

209 4163 330 4219 modiso
393 4168 421 4220 ll
444 4164 573 4220 discendit
593 4169 620 4221 P
680 4168 723 4235 qui
742 4172 787 4224 uel
804 4171 899 4238 quiae
959 4173 1074 4226 orienale
1093 4175 1121 4227 P
1181 4177 1212 4229 12
1231 4177 1345 4228 rnortem

209 4253 314 4320 scripsi,
334 4251 474 4305 mortalem
493 4255 520 4306 P
570 4255 768 4322 trasgressionis
787 4259 814 4310 P
867 4261 897 4313 14
916 4262 1079 4312 contemtore
1098 4262 1125 4314 P
1182 4264 1213 4316 16
1231 4278 1295 4316 cauce
1312 4279 1348 4316 ae

209 4339 327 4393 conicias
345 4337 525 4393 condicionem
544 4343 601 4397 coll.
617 4343 663 4396 aa
677 4347 710 4397 21
764 4346 798 4399 22
813 4344 905 4413 inquid
923 4347 950 4400 P
1004 4350 1037 4403 28
1052 4346 1153 4400 diabuli
1167 4349 1194 4401 P
