3100 4892
237 395 298 460 136
616 394 651 448 11.
671 395 715 447 De
734 394 854 464 spiritu
873 397 986 447 sancto

234 573 340 654 itaque
370 589 442 635 cum
471 571 548 635 haec
578 571 713 635 adsertio
743 574 798 634 tua
826 570 866 634 ad
902 571 1088 635 catholicum
1123 589 1261 652 sensum,
1296 589 1369 634 oum

233 675 359 740 omnino
375 675 414 738 ad
426 674 638 740 Christianum
654 691 716 739 non
732 674 887 757 pertineat
900 674 1089 755 institutum,
1106 675 1220 740 diaboli
1236 693 1370 758 agnosce

233 783 456 860 commentum,
486 779 538 860 qui
566 778 687 843 animae
715 779 853 859 domum,
884 777 938 843 ubi
966 782 1073 843 sancto
1101 779 1213 862 spiritu
1236 797 1371 844 uacuam

232 885 356 964 uiderit,
387 885 476 966 quasi
503 882 677 947 contrarius
701 883 829 966 spiritus
853 901 924 947 cum
947 883 1013 946 diro
1037 883 1188 947 comitatu
1215 883 1373 965 nequitiae

193 988 424 1073 sseptitormis
447 987 576 1052 inuadit.
611 987 665 1069 qui
688 988 772 1052 enim
793 988 884 1051 illum
908 987 1053 1068 excludit,
1076 987 1160 1052 hunc
1182 987 1301 1070 recipit.
1341 989 1373 1053 iu

232 1094 285 1158 illo
310 1093 369 1157 fuit
390 1092 460 1172 ista,
485 1110 581 1173 qnam
603 1091 689 1172 dieis
713 1092 909 1156 excellentior
932 1095 1084 1172 creatura,
1113 1092 1219 1173 quiin
1244 1093 1374 1157 caelesti

233 1197 375 1261 claritate
397 1197 608 1281 praefulgere,
632 1197 770 1260 muneris
788 1197 940 1276 conscius,
964 1195 1097 1260 auctoris
1112 1196 1241 1280 ignarus
1256 1196 1373 1261 habere

233 1322 268 1366 se
291 1301 379 1382 uidit,
402 1301 559 1383 accepisse
582 1302 715 1366 nesciuit
738 1304 770 1364 et
792 1301 860 1365 ideo
883 1300 1026 1384 gloriam,
1057 1319 1152 1383 quam
1174 1300 1285 1365 beatus
1309 1319 1373 1366 non

231 1407 395 1488 intellexit,
426 1407 526 1471 elatus
554 1407 660 1470 amisit
682 1407 727 1470 ita
749 1406 869 1470 dicens:
900 1405 1097 1470 ascendam
1128 1424 1238 1489 snper
1270 1409 1373 1471 astra

65 1534 68 1542 ·
182 1537 208 1576 lo
234 1510 401 1591 nubium,
435 1529 568 1592 ponam
598 1529 709 1593 super
739 1510 893 1575 thronos
924 1510 1058 1575 solium
1089 1529 1209 1574 meum
1241 1513 1277 1574 et
1311 1529 1372 1576 ero

234 1615 371 1679 similis
402 1615 596 1679 altissimo.
635 1615 686 1679 hio
709 1631 782 1698 ergo
806 1615 929 1678 nullum
950 1614 982 1678 in
1006 1615 1156 1678 creaturis
1179 1615 1371 1698 superiorem

233 1739 277 1800 se,
309 1722 344 1782 ut
372 1737 451 1799 reor,
481 1717 601 1798 habuit,
632 1720 754 1783 nullum
776 1719 916 1784 medium
939 1718 1022 1783 inter
1046 1737 1079 1783 se
1106 1722 1137 1783 et
1164 1719 1259 1783 deum
1281 1719 1372 1800 uidit,

233 1823 321 1888 cuins
344 1823 551 1888 aemulatione
575 1823 739 1907 superbiae
763 1823 889 1888 stimulo
913 1823 1088 1888 concitatus
1115 1823 1308 1908 adsurgeret,
1339 1827 1370 1887 et

232 1929 302 1993 ideo
325 1929 447 1993 nullum
469 1931 542 1992 ante
565 1948 598 1993 se
621 1932 703 1993 stare
725 1928 759 1991 in
782 1927 889 1994 ordine
905 1928 1035 1992 militiae
1052 1929 1195 1993 caelestis
1217 1927 1370 2011 aspicieus

182 2058 207 2098 re
232 2033 292 2116 ipsi
314 2052 419 2097 rernm
443 2033 567 2097 domino
590 2052 624 2097 se
646 2051 780 2115 aequare
809 2033 1030 2117 praesumpsit.
1066 2033 1177 2116 quodsi
1207 2034 1307 2097 ullum
1338 2053 1371 2098 se

233 2138 481 2202 excellentiorem
512 2137 636 2201 maioris
665 2138 824 2221 inpatiens
855 2138 888 2201 in
916 2137 1042 2202 caelesti
1073 2137 1172 2221 gradu
1199 2136 1371 2221 deprehen·

233 2242 341 2322 disset,
364 2241 409 2306 illi
432 2261 465 2305 se
489 2242 590 2326 magis
614 2241 753 2306 conferre
776 2242 827 2306 uel
850 2242 1005 2326 praeferre
1029 2245 1224 2327 temptasset.

277 2346 346 2410 Dno
370 2349 445 2410 sunt
467 2346 500 2410 in
522 2346 721 2427 caelestibus,
751 2346 806 2429 qui
828 2347 909 2430 regit
931 2349 963 2411 et
985 2346 1039 2429 qni
1060 2349 1223 2430 reguntur,
1254 2350 1371 2412 creator

235 2453 267 2514 et
285 2453 436 2514 creatura.
465 2450 586 2514 nullum
603 2451 635 2514 in
651 2451 752 2516 medio
767 2451 879 2516 horum
896 2451 1025 2515 tertium
1042 2451 1143 2515 extitit
1157 2469 1267 2534 genus,
1291 2451 1372 2534 quod

183 2579 209 2618 eo
236 2553 380 2618 secundis
404 2554 505 2618 maius
529 2557 561 2618 et
583 2555 715 2618 summis
739 2557 824 2619 esset
845 2555 984 2619 iuferius.
1020 2555 1217 2620 excellentior
1232 2558 1373 2619 ereatura

235 2658 274 2721 de
304 2657 498 2740 archangelis
528 2657 659 2722 forsitan
681 2657 740 2722 diei
762 2663 876 2742 potest,
907 2659 981 2723 lieet
1007 2659 1117 2724 ceteris
1141 2659 1248 2724 ordine
1271 2659 1372 2742 magis

236 2761 452 2845 praemineant
481 2778 576 2843 qnam
605 2765 726 2826 natura.
774 2763 828 2827 sed
859 2765 966 2827 sancto
994 2763 1116 2846 spiritui
1140 2764 1171 2827 et
1193 2763 1372 2846 archangeli

236 2867 385 2945 seruiunt,
409 2864 580 2948 exquibus
603 2885 685 2930 unus
707 2867 798 2948 quasi
821 2868 961 2931 minister
984 2867 1155 2932 aduentum
1179 2867 1245 2931 eius
1261 2866 1372 2932 beatae

235 2969 356 3034 Mariae
378 2969 542 3033 nuntiauit.
582 2970 636 3034 sed
659 2970 748 3034 diois:
772 2989 843 3034 ecoe
866 2971 920 3034 ubi
942 2972 1085 3054 spiritum
1109 2975 1253 3036 sanetum
1272 2972 1372 3036 Amos

184 3100 209 3140 2⁵
235 3073 388 3157 propheta
417 3077 592 3138 creaturam
624 3075 784 3139 euidenter
808 3076 952 3159 adsignat
974 3076 1018 3140 ita
1040 3075 1161 3140 dicens:
1193 3093 1275 3140 eece
1307 3094 1372 3160 ego

235 3178 391 3242 firmans
411 3178 618 3243 tonitruum
638 3183 674 3244 et
694 3197 824 3244 creans
846 3179 1028 3262 spiritum.
1063 3181 1200 3262 primum
1216 3183 1273 3261 est,
1290 3180 1371 3262 quod

235 3281 354 3345 nudum
377 3282 504 3365 spiritus
527 3300 641 3348 nomen
663 3301 863 3366 nequaqnam
886 3283 926 3348 ad
947 3302 1114 3370 personam
1135 3283 1371 3350 sanctificatoris

337 3489 366 3558 e]
385 3489 454 3544 asar.
470 3493 510 3555 rr,
526 3493 565 3546 ra
619 3491 665 3560 25]
684 3490 744 3546 nm.
757 3494 783 3556 4,
798 3494 837 3546 re.

279 3689 396 3746 lhoca
465 3690 575 3744 assertio
594 3692 621 3745 P
689 3690 860 3746 3dcnnmc
930 3691 1026 3761 spiritu
1045 3696 1175 3748 sanctor
1245 3707 1330 3746 uacua
1347 3693 1374 3746 P

234 3776 408 3831 deontrariis
426 3779 454 3832 P
508 3778 618 3846 spiritus
637 3794 697 3831 cum
716 3777 773 3831 diro
793 3778 933 3847 comitatu]
951 3777 1102 3848 hospitibus
1121 3779 1149 3833 P
1204 3779 1372 3834 5111111111

235 3907 347 3973 dquam
367 3906 433 3960 dicis
451 3925 502 3964 om.
516 3908 543 3961 P
595 3906 753 3977 lpfulgens
767 3908 795 3961 P
846 3908 993 3964 numeriae
1045 3875 1146 3977 ignaris
1163 3911 1189 3964 V
1237 3911 1372 3978 9euprae

237 3993 268 4046 10
290 3992 417 4046 thronum
439 3995 467 4047 P
535 3998 562 4048 et
584 4012 635 4050 om.
656 3997 682 4050 V
749 3997 783 4051 12
801 3995 884 4064 uidit]
903 3995 930 4048 in
949 3995 1013 4049 odd.
1028 3996 1055 4048 P
1125 3999 1156 4052 13
1180 3999 1330 4064 assurgeret
1347 3997 1373 4050 P

236 4081 268 4133 15
287 4079 498 4134 excellentiorem
516 4098 543 4135 se
561 4083 589 4136 P
651 4086 682 4139 16
700 4082 797 4152 gradu]
816 4084 907 4151 gaudii
928 4085 961 4154 P,
980 4085 1077 4152 gaudio
1096 4103 1112 4140 o
1177 4088 1209 4142 18
1227 4089 1330 4140 creator
1346 4089 1372 4139 et

236 4169 356 4220 creatura
373 4186 422 4224 orn.
436 4170 463 4222 P
516 4172 548 4224 19
560 4169 662 4225 nullon
713 4170 839 4224 immedio
853 4172 880 4225 P
931 4171 1013 4241 quod]
1028 4187 1106 4240 quam
1124 4174 1150 4228 V
1199 4175 1233 4228 20
1247 4173 1373 4241 magisV

236 4267 355 4307 summus
370 4255 397 4310 V
462 4258 495 4310 21
515 4255 601 4310 dicere
619 4260 727 4325 poteso
792 4259 825 4312 22
843 4258 950 4326 spiritui
968 4261 1094 4313 sanctor
1159 4261 1191 4314 25
1210 4259 1329 4327 assignat
1346 4259 1372 4312 P

236 4341 268 4394 27
287 4339 401 4410 nudum]
419 4341 555 4396 interdum
575 4344 602 4397 P
652 4343 844 4398 sanctificantis
863 4345 891 4398 P
