3100 4892
264 405 327 470 288
703 406 767 462 1111.
787 407 897 462 Sermo
919 410 950 463 16

262 581 380 661 sistere,
408 599 566 646 nonaum
592 582 697 666 pigeat
722 583 754 646 in
777 584 920 649 conuiuio
949 601 1005 647 suo
1028 584 1144 665 aliquid
1170 584 1209 648 de
1239 585 1383 667 seripturis

262 684 374 748 diuinis
401 685 514 768 legere,
541 689 591 766 ut,
622 687 776 767 quomodo
804 706 874 752 earo
901 688 1041 770 pascitur
1067 687 1147 767 cibo,
1175 687 1220 751 sie
1246 687 1384 752 refieiatur

262 789 367 853 anima
389 789 438 852 dei
460 788 566 870 uerbo,
589 793 625 854 ut
647 794 731 854 totus
753 790 858 872 homo,
881 791 912 855 id
935 795 984 856 est
1007 792 1139 868 exterior
1162 795 1193 855 et
1214 791 1333 856 interior
1352 791 1383 853 de

261 896 369 958 saneto
393 897 423 957 et
446 893 576 958 salutari
599 895 741 960 conuiuio
765 896 895 960 satiatus
919 899 1072 979 exsurgat.
1102 914 1176 960 nam
1199 897 1227 959 si
1249 897 1384 960 solatura

223 1022 236 1061 s
261 999 398 1079 pasoitur
421 999 452 1060 et
479 998 583 1062 anima
605 999 654 1062 dei
681 999 776 1062 uerbo
800 1017 862 1063 non
889 999 1054 1081 reficiatur,
1081 1001 1194 1064 aneilla
1216 1001 1339 1064 satiatur
1359 1002 1385 1062 et

262 1103 387 1166 domina
413 1103 496 1166 fame
523 1105 693 1184 torquetur.
741 1107 772 1168 et
799 1104 974 1186 hecquem
1004 1106 1045 1168 sit
1067 1104 1228 1185 iniustum,
1252 1103 1386 1168 sanctitas

260 1203 392 1291 (uestra)
414 1225 476 1270 non
499 1210 603 1290 potest
624 1208 776 1290 ignorare,
806 1213 835 1272 et
857 1209 936 1289 ideo,
964 1209 1045 1272 sieut
1070 1208 1133 1273 iam
1156 1208 1226 1288 dixi,
1252 1208 1387 1272 lectiones

263 1310 385 1373 diuinas
413 1310 465 1374 illo
488 1310 639 1374 desiderio
667 1314 697 1374 et
724 1313 829 1376 audire
856 1321 888 1376 et
913 1313 1016 1395 legere
1040 1311 1171 1392 debetis
1199 1316 1236 1375 ut
1261 1312 1296 1375 de
1321 1311 1388 1392 ipsis

261 1415 292 1478 in
317 1414 458 1478 domibus
481 1417 593 1479 uestris
617 1419 648 1479 et
671 1415 753 1496 alibi,
778 1415 967 1498 ubicumque
990 1417 1120 1496 fueritis
1144 1415 1240 1480 etiam
1261 1415 1342 1497 loqui
1361 1417 1390 1478 et

212 1543 236 1582 ιο
263 1518 339 1582 alios
364 1518 471 1582 doeere
495 1519 619 1602 possitis
637 1523 667 1582 et
689 1519 821 1583 uerbum
837 1520 886 1584 dei
908 1521 996 1585 uelut
1017 1521 1134 1585 munda
1156 1519 1302 1584 animalia
1314 1519 1390 1601 eogi-

263 1623 379 1686 tatione
410 1622 538 1686 adsidua
565 1625 758 1687 ruminantes
789 1625 898 1688 utilem
929 1643 1053 1704 sucum,
1086 1625 1117 1687 id
1148 1627 1197 1688 est
1228 1623 1390 1707 spiritalem

264 1745 390 1790 sensum
416 1729 447 1790 et
472 1728 505 1790 in
532 1726 621 1791 uobis
646 1746 768 1791 sumere
792 1731 824 1792 et
850 1729 917 1792 aliis
940 1727 1024 1812 (deo)
1047 1729 1215 1793 adiuuante
1237 1727 1392 1811 propinare

262 1831 389 1912 possitis
420 1831 576 1912 inplentes
606 1831 694 1910 illud,
725 1832 807 1912 quod
838 1833 987 1914 seriptum
1018 1834 1083 1895 est:
1126 1835 1162 1896 et
1191 1832 1286 1895 calix
1314 1836 1392 1895 tuns

263 1935 459 1999 inebrians
476 1953 583 2016 quam
598 1936 816 2018 praeclarus
833 1940 902 2016 est,
920 1937 1074 2018 inplentes
1089 1936 1177 2016 illud,
1193 1935 1275 2018 quod
1289 1935 1392 1998 beatus

211 2065 237 2104 rs
264 2041 422 2123 apostolus
446 2039 587 2104 hortatur
603 2045 634 2103 et
657 2039 804 2104 admonet
818 2041 938 2104 dieens:
962 2041 1042 2104 siue
1065 2039 1298 2104 manducetis
1320 2039 1393 2102 siue

261 2141 1393 2226 bibatissiuealiquidfaciatis,01nniaadgloriamdeifaeite.

263 2251 295 2313 et
310 2248 337 2312 si
353 2247 519 2312 infirmitas
533 2267 594 2312 non
609 2248 763 2330 prohibet,
780 2248 904 2313 eottidie
920 2249 1055 2312 ieiunate
1068 2252 1099 2311 et
1114 2247 1153 2311 ad
1168 2247 1292 2330 uigilias
1306 2245 1394 2312 alacri

263 2357 293 2416 et
320 2353 455 2416 feruenti
478 2353 641 2418 deuotione
669 2353 847 2436 consurgite
874 2356 999 2436 propter
1027 2352 1114 2432 illud,
1142 2351 1225 2434 quod
1251 2351 1394 2433 seriptum

263 2461 328 2521 est:
354 2457 412 2522 die
435 2461 620 2538 noctuque
644 2457 781 2540 uigilet
804 2457 961 2539 spiritus
981 2475 1083 2520 meus
1104 2456 1147 2519 ad
1167 2459 1218 2535 te,
1241 2455 1344 2535 deus,
1365 2457 1394 2516 et

211 2585 237 2624 ao
262 2562 395 2626 iterum:
426 2562 468 2625 ad
491 2564 526 2626 te
550 2561 674 2640 orabo,
699 2561 860 2641 domine,
884 2579 989 2624 mane
1012 2564 1049 2624 et
1071 2559 1248 2624 exaudies
1270 2576 1394 2623 uoeem

264 2683 395 2745 meam,
413 2665 586 2729 etiterum:
604 2664 724 2728 media
740 2668 848 2728 noete
865 2663 1064 2748 surgebam
1080 2664 1124 2728 ad
1143 2663 1394 2728 confitendum

223 2835 229 2846 ,
263 2769 501 2849 nominituo,
526 2770 679 2833 domine.
727 2770 882 2851 adquam
907 2787 973 2832 rem
997 2769 1092 2832 etiam
1115 2767 1259 2831 dominus
1284 2771 1316 2831 et
1337 2767 1395 2831 sal-

264 2878 353 2939 uator
368 2877 473 2938 noster
488 2875 519 2937 in
536 2875 697 2956 euangelio
720 2873 863 2937 hortatur
879 2878 911 2936 et
933 2873 1079 2936 admonet
1095 2873 1213 2936 dicens:
1242 2871 1396 2955 uigilate

264 2983 302 3044 et
332 2981 448 3058 orate,
479 2997 522 3041 ne
553 2978 703 3042 intretis
732 2978 767 3041 in
797 2978 1096 3058 temptationem,
1120 2976 1200 3059 quod
1222 2977 1289 3057 ipse
1311 2991 1397 3059 prae-

211 3103 237 3145 ar
264 3087 346 3146 stare
369 3083 525 3166 dignetur,
549 3082 598 3145 eui
614 3087 661 3146 est
683 3082 782 3146 honor
798 3085 829 3145 et
851 3080 1016 3164 imperium
1038 3099 1109 3144 eum
1131 3085 1221 3162 patre
1237 3085 1268 3144 et
1290 3078 1398 3164 spiritu
1515 3076 1516 3137 1

264 3191 370 3252 saneto
392 3187 424 3250 in
447 3186 571 3250 saeerda
593 3187 796 3250 saeculorum.
822 3185 934 3249 Amen.

368 3402 412 3472 13]
430 3401 622 3468 Psalm.22‚5.
695 3403 737 3471 15]
760 3406 771 3458 1
792 3402 852 3457 Cor.
868 3404 908 3466 10,
921 3405 962 3457 31.
1029 3401 1075 3470 19]
1093 3400 1192 3455 l'salm.
1205 3403 1248 3468 62,
1260 3403 1285 3456 2.
1352 3397 1398 3466 20]

264 3489 362 3546 Psalm.
376 3496 399 3555 5,
412 3494 437 3547 4.
490 3491 536 3559 21]
554 3491 653 3545 Psalm.
669 3492 726 3554 118,
740 3492 781 3544 62.
835 3489 881 3558 23]
899 3488 1104 3552 matusael.

308 3690 536 3761 2relegereAuo.
585 3690 769 3758 refiileiaturD
816 3690 886 3758 3ut]
900 3691 927 3742 et
939 3689 1010 3758 Auo.
1064 3691 1092 3741 et
1103 3689 1198 3744 aaaD
1250 3689 1277 3742 et
1288 3685 1398 3740 exterior
1513 3728 1514 3735 ,

264 3808 291 3857 et
309 3803 418 3857 interior
436 3805 507 3874 Auo.
572 3769 679 3858 ertirior
697 3804 727 3856 D
789 3801 942 3856 5refieitur
956 3844 961 3854 .
976 3844 981 3854 .
995 3844 1001 3854 .
1014 3801 1134 3870 pascitur
1150 3802 1222 3870 Auo.
1275 3802 1397 3854 luestra

264 3917 343 3986 Auo,
362 3935 412 3972 om.
427 3917 456 3970 D
519 3915 635 3984 ignorari
654 3917 683 3971 D
749 3918 781 3970 10
799 3881 892 3982 po'sitis
910 3915 940 3970 D
1003 3917 1031 3967 et
1048 3911 1260 3982 uerbum‘Aup,
1275 3915 1309 3966 ut
1325 3930 1351 3966 u.
1368 3913 1397 3967 D

266 4007 295 4059 11
316 4003 459 4056 adsiduard
476 4003 608 4056 minantes
627 4003 656 4056 D
725 4003 853 4055 saecul)
924 4000 1003 4054 lain
1022 4001 1158 4069 eaeor.
1229 3999 1277 4054 deo
1299 4017 1350 4056 oar.
1368 3999 1396 4052 D

264 4089 313 4143 deo
331 4089 473 4144 auxiliante
491 4091 562 4160 Auo.
618 4091 650 4144 13
668 4087 811 4157 inplentes]
831 4089 862 4141 ut
879 4088 907 4140 in
925 4085 1000 4140 nobis
1019 4085 1161 4155 impleatur
1178 4086 1250 4156 Auo.
1303 4085 1394 4140 tuisD

266 4177 454 4247 leputatur)
509 4180 539 4232 15
558 4179 662 4230 ortatur
678 4175 708 4229 D
763 4177 794 4230 16
811 4173 909 4228 bibatis
927 4175 1035 4243 scripsi,
1053 4172 1191 4228 bibetisD
1243 4172 1317 4226 uliud
1334 4170 1391 4241 quid

264 4266 335 4334 Auo.
407 4266 438 4318 17
462 4266 489 4318 et
513 4281 563 4320 om.
586 4264 658 4332 Auo.
730 4261 844 4316 eotdidie
870 4261 900 4315 D
969 4263 1082 4330 etpost
1107 4259 1224 4314 ieiunate
1251 4277 1303 4316 our.
1325 4262 1389 4330 Aeo.

266 4351 299 4406 18
317 4349 378 4404 illut
396 4351 425 4404 D
478 4353 510 4406 19
529 4349 561 4404 de
580 4351 660 4404 noetu
679 4351 750 4418 Auo.
804 4351 863 4400 ate
882 4345 947 4400 deus
966 4348 995 4400 D
1047 4347 1081 4402 23
1099 4349 1203 4401 ortatur
1220 4347 1251 4402 D
