3100 4892
621 443 686 498 1111.
706 443 816 497 Sermo
834 447 858 499 8.
1247 441 1312 508 253

168 623 382 685 monstratura
396 620 548 702 perduxit.
585 623 742 703 spectetur
758 618 817 683 suh
841 619 951 684 humili
974 619 1098 702 tugmio
1121 635 1210 683 sacra
1232 618 1313 682 nati-

168 725 259 790 uitas.
300 725 445 789 adoratm
473 725 505 789 in
531 725 656 808 pannis,
685 725 739 806 qui
764 724 865 806 fulget
894 724 927 787 iu
957 723 1065 788 stellis.
1105 723 1250 788 adoratur
1279 723 1312 786 in

167 829 291 913 parmis,
304 828 336 894 id
349 833 397 894 est
409 828 468 892 sub
482 829 653 893 abiectione
666 828 873 911 corruptionis
885 828 1042 892 humanae
1054 828 1203 892 inuiolata
1215 827 1313 891 maie-

167 938 243 998 stas.
271 934 430 998 reueletur
445 935 594 998 innuente
618 933 766 1015 mysterio
789 932 914 996 diuinae
938 931 1165 997 misericordiae
1188 931 1312 1014 magni-

168 1039 244 1103 tudo
268 1039 301 1101 iu
324 1056 370 1119 eo,
394 1038 475 1120 quod
499 1038 537 1102 ad
562 1037 722 1102 Christum
745 1038 882 1119 primum
904 1036 1087 1120 Aethiopes,
1109 1036 1141 1101 id
1164 1041 1213 1100 est
1235 1054 1312 1119 gen·
1352 1063 1365 1102 e

168 1142 237 1206 tiles
254 1142 480 1226 ingrediuntur.
507 1142 647 1226 gentium
662 1141 819 1224 primitiae
833 1144 1055 1206 consecrantur
1070 1140 1101 1204 in
1118 1141 1311 1224 agnitionem

143 1247 326 1328 ueritatis,
365 1265 557 1330 synagogam
591 1245 779 1310 Iudaeorum
812 1245 972 1328 praecedit
1004 1245 1137 1309 ecclesia
1168 1247 1311 1328 gentium

166 1351 289 1434 pseusti
311 1355 403 1415 eruta
426 1352 616 1435 nigritudine
640 1355 671 1415 et
693 1349 764 1414 fidei
788 1350 946 1415 induenda
967 1349 1110 1415 candore.
1154 1351 1231 1414 haee
1253 1353 1312 1415 ita-

167 1475 227 1537 que
242 1457 276 1520 in
295 1456 456 1539 praesepio
472 1456 607 1520 sulutem
623 1459 763 1519 uestram
780 1456 905 1537 expetit.
930 1454 1068 1536 quidest
1090 1454 1159 1535 hoc,
1182 1456 1264 1537 quod
1279 1457 1311 1520 in

165 1577 315 1643 praesepe
337 1560 473 1624 salutem
493 1563 633 1624 nostram
654 1560 791 1642 expetit?
836 1558 867 1622 id
884 1563 932 1622 est
946 1559 1013 1622 tera
1027 1560 1113 1642 prius
1136 1559 1310 1627 infidelium
1337 1587 1363 1624 ro

165 1664 351 1747 populorum
381 1663 549 1728 multitudo
575 1664 660 1728 iutra
691 1663 839 1728 ecclesiae
870 1662 1032 1727 stabulum
1064 1667 1191 1746 recepta
1221 1681 1311 1728 man·

168 1769 294 1832 suescit.
341 1768 449 1832 ludaei
472 1768 599 1849 quidem
626 1767 799 1850 gloriantur
821 1767 942 1830 cultum
965 1785 1060 1850 penes
1084 1786 1118 1831 se
1141 1786 1210 1831 esse
1232 1767 1311 1832 diui·

170 1891 254 1952 num,
279 1872 333 1936 sed
355 1872 449 1955 primi
471 1872 567 1955 legati
588 1873 731 1955 gentium
754 1871 864 1935 uident
879 1870 1049 1937 Christum.
1082 1890 1177 1953 quare
1196 1873 1310 1955 primi?

169 1977 240 2058 quia
268 1995 364 2040 sanus
389 1975 555 2041 Christiani
582 1976 689 2041 oculus
717 1977 822 2040 lucem
844 1977 994 2057 sequitur,
1022 1975 1209 2040 Iudaeorum
1238 1995 1311 2040 uero

170 2085 334 2164 corruptus
357 2082 488 2145 intuitus
511 2083 580 2164 ipsa
601 2082 668 2145 luce
684 2080 885 2145 subtunditur
901 2083 933 2144 et
955 2098 1047 2164 aeger
1063 2080 1191 2146 obtutus
1215 2081 1310 2146 inlato
1340 2106 1364 2146 rs

171 2185 291 2250 lumine
315 2187 416 2270 magis
439 2185 636 2250 tenebrescit.

213 2291 339 2354 Interea
363 2291 454 2354 beata
476 2289 591 2373 legatio
613 2289 796 2372 perductam
820 2308 853 2353 se
876 2290 916 2353 ad
938 2307 1029 2353 sacra
1050 2289 1206 2354 cunabula
1227 2289 1312 2353 radio

172 2393 306 2478 desuper·
328 2397 472 2459 currente
500 2394 641 2458 miretur.
689 2398 828 2459 extrema
854 2413 932 2477 gens
955 2393 1036 2458 bono
1063 2392 1187 2476 publico
1210 2394 1313 2477 prima

169 2497 290 2564 fruitur.
337 2517 431 2581 quam
463 2499 616 2580 stupende
643 2498 823 2582 dignatione
846 2498 927 2562 inter
956 2499 1117 2580 amplexus
1147 2499 1312 2581 genetricis

168 2603 348 2683 includitur,
376 2603 429 2684 qui
451 2605 567 2666 terram
591 2603 774 2683 caelumque
798 2603 1013 2684 conplectitur,
1044 2603 1076 2667 in
1103 2601 1174 2666 siun
1201 2603 1312 2666 matris
1338 2629 1364 2668 eo

169 2707 255 2788 latet,
280 2708 333 2790 qui
347 2725 479 2790 regnum
496 2705 595 2790 patris
617 2707 743 2770 excedit.
780 2725 836 2789 per
858 2707 989 2789 simplex
1011 2705 1149 2771 officium
1172 2706 1311 2789 spiritale

169 2813 327 2877 reuelatm
342 2829 501 2891 arcanum,
518 2811 697 2876 humanitas
713 2810 859 2891 cernitur,
876 2810 1023 2875 diuinitas
1040 2811 1195 2876 adoratur.
1228 2811 1312 2875 exhi-

168 2914 244 2980 bent
277 2933 387 2979 eurum
421 2919 452 2979 et
482 2919 533 2980 tus
565 2918 597 2978 et
628 2933 765 2998 myrram
799 2915 871 2997 plns
900 2915 933 2979 in
963 2915 1123 2998 mysteriis
1153 2933 1247 2998 qnam
1279 2915 1311 2979 in

169 3020 367 3084 conscientiis
390 3019 567 3084 offerentes.
604 3021 636 3082 in
661 3019 727 3085 auri
750 3037 880 3083 munere
902 3020 989 3102 regia
1010 3020 1155 3103 dignitas,
1178 3019 1212 3083 iu
1233 3018 1311 3084 turis
1338 3047 1341 3053 ·

169 3142 284 3207 uapore
315 3124 422 3188 diuina
451 3124 610 3204 maiestas,
642 3124 674 3188 in
703 3141 826 3206 myrrae
848 3125 952 3207 specie
980 3125 1159 3207 sepelienda
1181 3125 1312 3188 demon·
1338 3151 1363 3189 aa

170 3232 285 3292 stratur
306 3228 497 3292 hnmanitas.
529 3247 564 3292 uc
587 3228 632 3292 sic
655 3227 829 3292 trinitatem
853 3229 1017 3294 oblationis
1041 3247 1189 3293 numerus
1212 3229 1311 3310 loqui-

170 3337 228 3414 tur,
252 3333 408 3397 unitatem
431 3333 556 3396 deuotio
578 3349 642 3396 una
664 3335 807 3396 testatur.

212 3437 258 3500 Ac
290 3456 345 3521 per
375 3427 433 3500 hoo
463 3436 609 3520 peruigili
640 3437 813 3501 intentione
844 3437 944 3500 cordis
975 3439 1097 3502 caelum
1127 3439 1309 3503 studeamus

171 3543 321 3625 aspicere,
354 3541 380 3605 si
412 3541 450 3606 ud
483 3540 641 3605 Christum
675 3541 819 3623 cupimus
849 3541 1022 3623 peruenire.
1079 3542 1191 3626 dirigat
1221 3542 1310 3606 uobis

213 3785 378 3852 lspectatur
391 3783 453 3837 Mai
500 3784 608 3851 tugurio
621 3783 831 3852 Muttcjpcgoric
845 3784 874 3837 D
920 3785 1104 3840 3hnmuueD
1149 3785 1269 3840 ddinine
1282 3785 1312 3840 D

170 3870 334 3940 5ctthr'opes
347 3871 377 3924 D
429 3869 574 3938 Cprimitie
587 3871 617 3925 D
669 3871 831 3940 lsinagogd
843 3873 872 3925 D
923 3870 1030 3940 pcaedit
1043 3873 1072 3926 D
1125 3874 1158 3927 12
1175 3889 1269 3942 peuese
1282 3873 1311 3926 D

172 3960 201 4012 14
218 3957 322 4028 luch
376 3960 407 4012 15
426 3956 601 4011 subtunditur
613 3975 645 4012 ecc
657 3956 821 4011 suffunditur
834 3960 863 4012 Ι)
916 3959 1021 4026 egerD
1074 3961 1106 4015 18
1119 3960 1311 4013 currentemD

170 4042 275 4113 puplico
296 4044 326 4098 D
393 4046 424 4099 19
444 4042 563 4112 dignatio
582 4046 653 4113 Aug.
667 4045 698 4098 in
715 4046 901 4114 amsperto
919 4051 978 4112 135,
991 4051 1015 4109 5,
1033 4047 1081 4100 uhi
1099 4048 1163 4101 haec
1179 4049 1311 4101 samono

166 4148 233 4199 pars
244 4131 360 4198 (interea
370 4129 450 4184 beata
461 4130 630 4200 legatio-p.
640 4135 701 4199 254,
711 4135 728 4184 5
740 4131 909 4200 corruptione
921 4131 1066 4199 custodiat)
1079 4135 1177 4202 legitur
1211 4135 1245 4187 20
1258 4137 1310 4186 ter-

169 4220 248 4286 rhque
267 4219 306 4272 1)¹
373 4220 404 4273 21
424 4217 541 4288 semplex
559 4219 588 4272 D
652 4220 686 4273 22
704 4219 821 4271 archsnd
841 4220 871 4274 D
934 4223 968 4274 23
986 4220 1014 4272 iu
1034 4222 1103 4290 Aac.
1122 4221 1192 4286 Mul,
1210 4238 1261 4274 om.
1283 4221 1311 4274 D

169 4306 202 4359 24
220 4305 315 4373 dignas
334 4305 364 4359 D
415 4307 449 4360 25
467 4305 548 4358 mirre
568 4307 597 4359 D
649 4307 682 4360 27
701 4306 833 4359 unitatem
852 4308 921 4376 Aug.
942 4309 1012 4374 Mai,
1030 4306 1198 4374 iniquitatem
1218 4307 1254 4374 l),
1272 4325 1311 4361 uu

170 4392 368 4460 uuusquitatem
387 4391 589 4460 (uniquitetem)
607 4393 801 4450 scribendum?
853 4395 886 4452 28
905 4393 1055 4446 etudiamns
1074 4392 1104 4447 D
1158 4462 1163 4472 Ι
