3100 4892
483 431 711 501 Epistularum
728 430 784 484 lib.
797 429 826 484 11
846 432 955 486 14-15.
1225 427 1290 494 395

151 610 252 687 luae,
278 607 352 688 quia
374 606 543 670 secundum
568 606 666 688 ipsius
691 605 807 669 domini
829 605 927 670 nostri
951 605 1138 670 sententiam
1162 623 1232 669 non
1255 604 1292 667 in

151 729 260 775 manu
277 711 391 776 factis
410 711 559 774 habitat
579 711 667 774 dous
687 728 755 774 nec
769 710 808 773 in
824 708 1082 774 tabernaculis
1099 709 1171 772 uiri
1185 707 1292 772 bene-

150 815 332 897 placitum
362 816 409 895 ei,
440 816 504 878 sed
532 814 815 898 beneplacitum
846 817 902 878 est
925 813 958 878 ei
981 831 1090 896 super
1112 813 1292 876 timentes

151 937 189 982 se
212 922 248 983 et
271 919 308 982 in
331 937 385 999 eo,
410 920 471 1001 qui
493 922 620 1000 sperat
640 919 678 982 in
700 918 1008 982 misericordiam.
1044 919 1077 980 et
1095 917 1163 1000 ipse
1178 917 1293 980 iterum

151 1041 208 1088 nos
231 1042 286 1106 per
308 1025 494 1106 prophetem
518 1024 626 1086 docere
654 1022 814 1106 dignatur:
846 1022 989 1086 caelum
1020 1022 1110 1086 mibi
1136 1021 1292 1085 thronus
1331 1051 1344 1090 ⁵

152 1131 224 1207 est,
258 1130 361 1190 terra
394 1129 518 1191 autem
549 1126 756 1190 scabellum
789 1126 923 1209 pedum
958 1143 1131 1190 meorum.
1186 1141 1294 1206 quam

151 1230 244 1294 milri
275 1231 398 1295 sedem
429 1230 690 1295 aedificabitis
721 1234 786 1294 aut
816 1230 898 1312 quis
930 1229 1002 1294 erit
1023 1229 1128 1294 locus
1151 1227 1294 1310 requie-

153 1335 268 1399 tionis
291 1353 407 1416 meae,
431 1353 552 1399 nonne
574 1335 665 1399 haec
687 1337 811 1399 omnia
833 1335 924 1398 lecit
946 1352 1076 1398 manus
1099 1333 1200 1396 mea?
1231 1333 1295 1396 aut

151 1456 263 1521 super
293 1457 402 1520 quem
434 1439 550 1503 alium
578 1439 793 1522 respiciam,
824 1439 898 1502 nisi
924 1455 1034 1520 super
1057 1437 1236 1501 humilem
1260 1437 1296 1499 et

152 1543 322 1624 quietum
345 1546 382 1607 et
404 1546 628 1607 trementem
651 1561 842 1607 sermones
866 1545 988 1608 meos?
1024 1542 1136 1624 etipse
1151 1541 1184 1605 in
1200 1557 1295 1604 euen·
1323 1571 1348 1610 ro

151 1646 235 1730 gelio
250 1646 395 1711 dominus
411 1649 541 1712 clamat:
565 1648 691 1711 uenite
715 1648 759 1710 ad
781 1667 837 1712 me
860 1665 1002 1728 ornnes,
1026 1647 1088 1729 qui
1111 1644 1295 1710 laboretis

151 1754 188 1814 et
210 1753 358 1816 onerati
381 1752 488 1832 estis,
512 1755 548 1816 et
570 1769 636 1835 ego
658 1751 829 1816 reficiam
852 1769 919 1816 uos
936 1753 968 1815 et
989 1751 1120 1832 reliqua,
1143 1766 1223 1831 quae
1247 1767 1296 1812 se-

152 1858 277 1919 cuntur.
323 1859 356 1919 et
384 1855 463 1936 ideo,
493 1855 526 1920 iu
550 1854 673 1920 Christo
703 1857 830 1920 domino
861 1855 1025 1920 carissima
1055 1870 1140 1919 soror
1164 1871 1200 1917 ac
1221 1851 1295 1932 fllia,

151 1959 302 2041 pristinae
333 1959 580 2024 conuersationis
607 1959 776 2024 ambitione
805 1959 946 2041 deposita
968 1959 1178 2023 humilitatem
1201 1954 1295 2020 debes

151 2062 255 2126 cordis
277 2063 416 2144 induere,
440 2063 684 2128 misericordiam
706 2063 924 2147 indigentibus
940 2063 1092 2142 fenerare,
1116 2061 1297 2126 castitatem
1324 2093 1349 2132 rs

151 2185 217 2232 non
239 2167 343 2231 solum
365 2168 511 2250 corporis,
534 2167 589 2231 sed
612 2168 736 2233 animae
757 2185 934 2250 procurare,
958 2168 1040 2248 qnod
1059 2165 1227 2230 adiuuante
1243 2165 1297 2228 do-

153 2272 241 2336 mino
263 2274 299 2335 ut
321 2271 482 2352 adsumere
503 2272 611 2336 ualens
633 2272 751 2354 pariter
774 2276 806 2336 et
828 2271 993 2352 custodire,
1023 2270 1225 2335 ieiunandum
1250 2271 1297 2332 est

153 2376 279 2457 saepius
302 2378 334 2438 ei
356 2394 480 2457 semper
502 2376 665 2457 orandum,
689 2377 762 2458 quia
783 2376 886 2440 Adam
909 2376 1047 2459 paradisi
1069 2379 1101 2440 et
1123 2377 1228 2438 custos
1244 2373 1297 2436 de-

154 2476 321 2562 legabatur
352 2482 385 2542 et
414 2479 553 2560 colonus,
583 2481 702 2544 scilicet
731 2484 766 2544 ut
796 2481 926 2545 baberet
956 2479 1102 2564 operandi
1131 2477 1297 2543 materiam

153 2582 284 2647 libertas
308 2581 430 2647 arbitrii
453 2587 494 2664 et,
525 2585 608 2666 quod
630 2585 807 2649 orationum
830 2583 1019 2649 obtinuisset
1040 2583 1203 2663 industria,
1225 2599 1298 2665 par-
1324 2613 1350 2652 so

153 2687 261 2750 citatis
292 2685 483 2751 abstinentia
513 2688 690 2753 custodiret.
737 2689 793 2752 sed
821 2689 968 2770 quoniam
991 2687 1128 2772 neglexit
1150 2685 1211 2750 sibi
1233 2703 1297 2750 ser-

152 2808 228 2854 uare
250 2789 411 2870 ieiunium,
434 2810 490 2873 per
512 2792 797 2875 concupiscentiam
820 2793 953 2857 nautam
976 2792 1083 2856 amisit
1105 2795 1137 2856 et
1151 2791 1251 2855 uitam
1267 2792 1299 2854 ot

153 2893 423 2959 inmortalitatem.

199 2996 264 3062 Sub
287 2997 478 3062 Hierobabel
509 3016 614 3063 muros
637 2999 838 3064 Hierusalem
868 3001 987 3064 reuersi
1017 3000 1056 3063 ad
1083 2999 1299 3081 captiuitatem

153 3100 354 3185 reparabant,
385 3121 458 3167 cum
489 3103 534 3168 eis
565 3107 649 3168 esset
678 3107 788 3169 contra
818 3104 1010 3187 alienigenas
1039 3121 1096 3186 pro
1130 3103 1298 3168 eorundem
1325 3133 1351 3172 aa

155 3225 320 3270 murorum
341 3208 566 3272 restauratione
582 3212 752 3289 certamen,
776 3207 986 3291 operabantur
1002 3208 1110 3272 dextra
1125 3209 1157 3270 et
1171 3206 1300 3271 sinistra

154 3309 351 3394 pugnabant,
375 3312 494 3375 seilicet
516 3314 642 3376 scutum
664 3311 736 3376 fidei
759 3314 850 3377 laeua
873 3315 981 3376 eontra
1001 3311 1194 3376 aduersarios
1210 3327 1299 3393 pree-

155 3415 322 3478 tendentes
353 3417 386 3480 et
415 3415 523 3480 dextra
549 3416 702 3480 bonorum
726 3435 856 3500 operum
878 3419 1042 3498 tamquam
1063 3415 1202 3498 lapidum
1226 3432 1299 3479 cou-

155 3518 330 3601 positomm
346 3520 471 3584 moenia
486 3524 709 3585 construentes.
742 3521 796 3585 sed
813 3525 844 3584 et
859 3520 919 3602 ipsi
934 3521 1002 3599 uiri,
1024 3520 1077 3602 qui
1094 3518 1300 3583 aedificabant

156 3641 230 3686 cum
253 3623 413 3706 prophetis
436 3625 512 3704 suis,
536 3643 629 3706 super
651 3625 776 3689 lumbos
800 3626 894 3690 cincti
917 3623 1134 3708 operabantur,
1163 3621 1244 3705 quod
1268 3626 1300 3687 et
1327 3651 1353 3692 so

264 3787 291 3857 1]
304 3787 364 3842 Act.
378 3790 418 3852 17,
431 3791 478 3852 243
495 3787 594 3842 Psalm.
609 3791 667 3852 146,
682 3791 721 3844 10.
776 3788 804 3858 5]
817 3788 886 3843 Esei.
901 3791 942 3852 66,
957 3791 980 3844 1.
1035 3787 1079 3857 11]
1092 3787 1188 3842 natm.
1203 3790 1243 3852 11,
1255 3790 1298 3844 28.

158 3875 203 3945 18]
224 3874 289 3930 Gon.
302 3877 327 3939 2,
341 3876 381 3930 15.
435 3874 481 3944 24]
500 3877 517 3930 2
529 3874 604 3929 Esdr.
617 3877 643 3940 4,
657 3878 697 3931 17.

201 4021 560 4093 amenufaeois]templisex
573 4025 778 4094 Uulp.add.Kr.
832 4027 979 4094 deperata,
993 4025 1134 4093 sperautS
1184 4023 1261 4078 midi
1271 4025 1300 4093 S,

157 4111 373 4167 misericordiae
423 4113 479 4180 ipse
496 4129 632 4181 stapsueer.
647 4113 682 4168 81
736 4115 897 4168 5tronusS
947 4111 1124 4168 6soebillriS
1175 4113 1205 4166 11
1219 4111 1302 4166 orirS

159 4203 191 4256 15
210 4199 374 4271 ignerareS
427 4201 459 4254 18
476 4198 643 4267 paradysiS
695 4202 786 4253 custus
805 4200 842 4254 81
897 4197 1025 4267 diligatur
1045 4201 1089 4264 81,
1107 4198 1245 4266 delegetur
1262 4198 1300 4254 81

160 4291 191 4343 19
210 4285 345 4355 operando
363 4303 396 4341 cc
413 4285 540 4354 operandi
554 4287 589 4340 81
642 4288 675 4340 al
689 4284 833 4339 Zorobabel
845 4304 861 4340 u
872 4288 904 4340 a'n
914 4288 988 4341 uotis
1041 4303 1056 4338 a
1070 4284 1225 4354 captiuitate
1237 4285 1301 4354 Ka,

157 4377 221 4442 sort.
235 4379 304 4428 recte
356 4374 390 4428 26
408 4372 643 4428 restaurationes
697 4376 730 4428 27
748 4371 852 4428 leuaS
907 4371 1058 4426 aduersario
1076 4369 1302 4440 pretendeulisS
