3100 4892
631 442 729 498 Liber
746 441 760 497 1
780 445 819 500 13.
859 439 860 444 ’
1232 441 1293 505 129

157 638 211 702 per
240 617 408 683 uerborum
438 623 616 684 nostrornm
647 637 739 684 sonos
770 618 914 684 sensibus
945 618 1060 684 nostris
1090 636 1195 682 rerum
1226 617 1294 682 effi·

158 722 287 788 olentiae
310 723 571 788 demonstrantur.
607 727 746 788 ceterum
768 723 901 788 localem
924 727 1045 787 motum
1068 723 1168 787 uirtus
1189 721 1295 786 diuina

157 845 219 891 non
248 827 378 910 patitur,
407 846 487 910 quae
517 846 574 893 nec
604 847 641 891 er
670 846 764 892 cursu
795 830 906 912 agente
937 827 1063 892 aduenit
1088 844 1145 890 nec
1167 843 1294 890 recursu

156 931 283 996 labente
306 932 445 997 discedit.
495 933 548 1015 qni
576 932 661 997 enim
690 932 810 996 excedit
839 932 955 1012 omnia,
985 949 1045 1014 quo
1075 930 1212 995 recedit?
1257 930 1294 994 de

157 1039 266 1101 sancto
289 1037 399 1120 spiritu
422 1055 512 1102 sacra
533 1037 697 1101 didicimus
720 1037 868 1102 lectione:
899 1037 1061 1101 ecclesia
1088 1039 1211 1101 autem
1233 1053 1294 1118 pa-
1332 1061 1345 1100 ι

157 1158 233 1205 cem
264 1141 428 1206 habebat
455 1160 520 1225 per
542 1145 658 1206 totam
680 1141 859 1206 Iudaeam
882 1140 1078 1205 ambulans
1101 1140 1138 1205 in
1161 1139 1294 1204 timore

157 1244 215 1309 dei
237 1249 275 1310 et
296 1245 555 1311 consolatione
579 1245 702 1310 sancti
725 1246 886 1328 spiritus
908 1244 1134 1328 replebatur.
1174 1247 1205 1308 et
1219 1261 1294 1326 quo-

157 1348 248 1414 modo
278 1350 359 1414 inter
388 1350 466 1415 haec
496 1369 568 1414 eum
597 1350 730 1414 localem
761 1349 926 1432 quisquam
952 1349 1125 1431 praesumit
1152 1347 1293 1413 adserere

157 1457 343 1534 creaturam,
360 1454 414 1536 qni
428 1453 569 1518 infinitae
585 1454 796 1519 multitudinis
812 1453 942 1536 implere
958 1453 1107 1538 probatur
1119 1453 1294 1534 ecclesiam,

158 1561 241 1623 utet
261 1558 301 1622 ad
323 1559 428 1642 ipsum
450 1559 605 1642 pertinere
628 1558 830 1623 manifestum
854 1557 905 1639 sit,
929 1557 1010 1640 quod
1030 1558 1188 1640 apostolus
1205 1557 1293 1622 dicit:
1322 1581 1346 1621 ιι

156 1665 262 1744 pater
296 1662 641 1727 misericordiarum
675 1665 711 1726 et
740 1662 828 1726 deus
857 1662 975 1726 totius
1002 1661 1294 1726 consolationis?

157 1765 310 1831 habemus
327 1767 360 1831 in
375 1766 511 1849 psalmo:
528 1766 700 1830 fluminis
717 1767 878 1849 impetus
895 1765 1086 1830 laetificat
1101 1766 1294 1829 ciuitatem
1414 1833 1419 1842 ,

158 1869 223 1934 dei.
263 1871 333 1952 quis
354 1873 402 1934 est
416 1871 476 1934 iste
490 1869 630 1935 fluminis
652 1871 811 1954 impetus?
835 1870 887 1934 ille
910 1870 1068 1950 nimirum,
1093 1869 1129 1932 de
1146 1887 1206 1952 qno
1222 1868 1296 1933 dicit

158 1974 300 2039 dominus
334 1993 390 2059 per
419 1974 607 2039 Iohannem:
642 1975 703 2056 qui
735 1973 856 2038 credit
885 1975 922 2038 in
953 1992 1023 2054 me,
1059 1973 1219 2038 flumina
1252 1973 1294 2037 de

157 2081 287 2143 uentre
318 2079 397 2142 eins
427 2078 552 2144 fluent
577 2095 693 2161 aquae
724 2078 842 2142 uiuae.
889 2077 1095 2142 haecdicit
1125 2077 1294 2141 dominus
1323 2102 1347 2140 rs

158 2181 262 2248 Iesus
275 2181 318 2247 de
331 2183 484 2267 spiritu,
496 2201 603 2265 quem
617 2181 928 2264 erantacoeptnri
942 2182 1136 2246 credentes
1153 2182 1190 2246 in
1203 2200 1293 2245 eum.

199 2286 280 2352 Uide
309 2286 574 2370 magnificentiam
604 2288 786 2351 maiestatis.
832 2287 877 2350 sio
906 2287 939 2351 in
965 2287 1056 2351 terris
1078 2285 1223 2351 tribuitur
1246 2303 1295 2349 ec·

160 2392 268 2456 clesiae
299 2390 359 2473 dei,
388 2395 424 2455 ut
453 2395 559 2456 tamen
588 2391 621 2455 in
643 2390 737 2455 caelis
760 2389 910 2456 laetificet
932 2391 1091 2455 ciuitatem
1114 2390 1172 2454 det
1218 2389 1295 2455 ciui-

161 2498 256 2559 tatem
277 2494 338 2576 dei,
362 2495 394 2559 id
416 2499 464 2560 est
485 2514 653 2580 regnorum
676 2495 860 2560 caelestium
879 2496 974 2576 ciues,
998 2513 1150 2579 supernae
1167 2495 1295 2559 militiae

161 2601 298 2684 populos,
329 2599 534 2683 principatus,
564 2603 736 2684 potestates
768 2617 804 2664 ac
834 2593 1060 2665 dominationes
1084 2598 1294 2663 ineffabilibus
1321 2625 1347 2664 so

162 2704 277 2786 gaudiis
307 2720 364 2786 pro
394 2703 587 2769 conscientia
616 2708 761 2768 aeternae
787 2700 990 2768 beatitudinis
1013 2703 1130 2788 inrigat
1151 2706 1182 2766 et
1203 2702 1295 2767 uber·

164 2810 223 2872 tate
253 2808 392 2873 laetitiae
415 2807 621 2873 exundantius
644 2807 786 2888 inebriat,
816 2811 999 2872 concentum
1023 2807 1100 2871 caeli
1122 2807 1153 2872 in
1177 2807 1296 2871 exulta·

164 2911 242 2976 tione
265 2915 403 2978 torrente
426 2931 501 2977 suae
524 2911 774 2977 sanctificationis
791 2913 967 2976 exsuscitat.
1002 2913 1028 2976 si
1044 2911 1120 2976 haec
1137 2914 1227 2976 tanta
1239 2929 1295 2994 per

165 3016 297 3098 aliquam
318 3018 494 3082 creaturam
516 3017 624 3082 donari
646 3017 791 3102 opinaris,
815 3016 937 3080 diuinae
960 3017 1116 3099 potentiae
1136 3015 1294 3100 proprium

166 3121 239 3186 nihil
260 3120 422 3203 relinquis.
458 3122 485 3186 si
507 3121 593 3202 haec,
616 3122 755 3204 inquam,
779 3140 834 3205 per
854 3121 991 3203 aliquam
1015 3120 1122 3185 donari
1146 3121 1294 3184 aestimas
1321 3145 1347 3184 ss

165 3228 344 3307 creaturam,
377 3225 409 3289 in
441 3227 624 3310 angelorum
656 3230 688 3290 et
718 3226 976 3310 archangelorum
1006 3225 1106 3289 tendis
1137 3224 1294 3305 iniuriam,

166 3328 272 3409 quibus
293 3333 382 3395 tanta
404 3334 436 3396 et
457 3331 533 3395 talia
555 3331 652 3395 tribni
673 3349 728 3414 per
751 3331 894 3395 conserui
917 3331 1064 3394 aestimas
1086 3329 1293 3413 largitionem.

263 3494 291 3565 ι]
309 3494 461 3562 neceam.
500 3493 545 3564 ιι]
563 3493 651 3550 acor.
666 3496 690 3558 1,
702 3495 726 3549 3.
765 3492 809 3563 ra]
828 3492 1013 3560 summust,
1054 3492 1098 3561 ιι]
1111 3491 1202 3546 loann.
1216 3493 1242 3556 ι,
1252 3493 1294 3548 es.

209 3651 392 3707 lefflciendae
409 3653 443 3716 P,
462 3650 639 3707 efficientias
707 3650 943 3706 2demonstratur
961 3651 988 3705 P
1055 3648 1178 3719 lecim]
1201 3663 1296 3704 cumo

167 3739 291 3808 bspiritu
309 3742 401 3794 sancto
419 3739 447 3793 P
498 3755 573 3793 sacra
590 3757 641 3795 om.
654 3739 682 3793 P
733 3736 802 3793 'idi
812 3738 843 3806 V,
862 3737 963 3791 domini
977 3738 1004 3792 P
1055 3736 1165 3806 spiritus
1183 3735 1295 3790 sanctio

167 3827 269 3896 8eum]
287 3828 358 3881 enim
378 3827 406 3882 P
456 3842 571 3880 moerere
589 3826 616 3880 P
667 3829 823 3882 9creotura
841 3826 869 3880 P
921 3827 954 3881 13
971 3824 1098 3894 impetus]
1118 3823 1168 3878 nisi
1186 3823 1250 3878 odd.
1270 3823 1297 3876 P

169 3915 200 3967 15
214 3913 261 3967 lroo
279 3912 346 3968 dixit
362 3932 379 3970 o
433 3915 465 3969 lo
483 3913 616 3982 accepturi
634 3915 710 3966 erant
728 3913 756 3966 P
812 3914 845 3969 18
863 3913 977 3968 atonem
995 3911 1131 3966 ciuitatem
1150 3909 1192 3964 dei
1210 3927 1259 3967 om.
1279 3927 1296 3964 c

167 4026 199 4080 ar
210 3987 439 4092 bisinterea
449 4043 521 4081 maa.
535 4027 594 4094 art)
641 4025 775 4094 ιπιςιιι»
819 4027 853 4080 an
866 4023 1063 4078 exulationev
1107 4022 1295 4092 cooperasse

166 4111 298 4168 25donari
309 4113 447 4183 aestimas]
461 4113 623 4167 existimasse
674 4113 782 4166 estimas
796 4113 1013 4182 Putroquoloco
1065 4113 1098 4166 27
1112 4109 1294 4178 largitionem]

168 4197 326 4255 mentem
357 4201 406 4254 ns
437 4183 503 4254 siu
531 4181 595 4254 seo
622 4199 729 4253 mena
754 4199 890 4253 ramus
921 4199 984 4254 aaa.
1016 4199 1046 4266 V,
1073 4197 1181 4252 nxrn·
1201 4179 1295 4250 iia-1

168 4286 210 4338 oa
225 4288 282 4343 aaa.
301 4290 328 4343 P

220 4484 267 4526 llll.
280 4487 350 4528 rarat.
716 4493 719 4496 ’
1124 4483 1138 4526 tl
