3100 4892
227 399 291 464 456
507 398 623 452 Fausti
642 399 792 468 episcopi
811 398 847 452 de
866 398 993 453 ratione
1011 398 1099 452 fidei.

229 577 323 636 rasti
339 596 413 636 enrn
430 577 530 651 paulo
546 577 660 635 miuus
676 580 715 636 ab
728 578 878 651 angelis,
895 581 965 636 tuno
977 595 1042 653 ergo
1054 580 1135 651 patre
1148 578 1243 635 minor
1255 577 1363 645 dicatur,

232 684 346 757 quando
356 681 433 740 serui
445 681 562 741 formam
575 683 737 757 suscepisse
748 682 944 757 perscribitur,
958 684 1069 757 quando
1082 683 1168 741 etiam
1180 684 1270 741 metro
1282 682 1367 741 iunior

231 787 393 858 inuenitur,
409 789 521 861 quando
537 788 571 845 dc
582 805 613 846 se
624 787 687 861 ipso
703 787 733 847 in
745 788 880 846 uicesimo
892 788 982 862 primo
994 788 1102 862 psalmo
1115 788 1198 847 dicit:
1214 786 1368 846 foderunt

231 909 355 951 manus
369 909 461 951 meae
479 893 742 968 etpedesmeos,
759 892 1367 951 dinumeraueruntomniaossamea.

195 1020 207 1058 a
234 998 309 1071 quod
325 1015 392 1072 ergo
407 997 500 1055 minor
515 1000 596 1071 patre
611 999 767 1056 secundnm
788 1015 901 1057 carnem
922 1002 951 1056 ot
971 999 1124 1056 secuudum
1140 997 1284 1056 hominem
1299 1012 1368 1053 nun·

233 1105 363 1175 cupetur,
379 1102 539 1160 innumeris
555 1103 760 1176 seripturarum
776 1102 950 1162 testimoniis
966 1104 1134 1161 declaratur.

279 1208 321 1266 De
336 1207 400 1265 eius
420 1206 571 1265 diuinitate
591 1207 632 1265 ita
650 1208 686 1265 ed
701 1208 797 1266 Titum
817 1208 963 1282 apostolus
983 1207 1064 1266 dicit:
1086 1209 1250 1282 apparuit
1265 1206 1371 1282 gratia

234 1311 288 1370 dei
307 1311 502 1370 saluatoris
518 1312 646 1382 nostri,
670 1312 830 1371 etiterum:
855 1314 1058 1385 spectantes
1079 1315 1212 1371 beatam
1233 1330 1324 1387 spem
1342 1313 1372 1369 et

235 1417 419 1474 aduentum
432 1416 1007 1490 gloriaemagnideiotsaluatoris
1020 1415 1370 1475 nostrilesuilhristi.

187 1542 210 1581 ro
237 1522 364 1579 immane
379 1520 522 1595 piaculum
535 1523 589 1591 est,
606 1524 638 1579 ut
649 1539 700 1595 per
711 1521 839 1581 infideles
851 1522 997 1581 hominum
1009 1522 1200 1596 blasphemias
1214 1523 1305 1581 minor
1315 1536 1372 1579 esse

237 1627 357 1697 dicatur,
380 1645 464 1701 quem
483 1644 619 1701 magnum
639 1628 720 1685 deum
736 1626 802 1701 ipsa
821 1627 928 1686 ueritas
943 1627 1100 1701 profitetur.
1133 1645 1198 1685 nem
1215 1630 1244 1686 ot
1259 1628 1372 1686 Thomas

237 1732 382 1805 apostolus
398 1731 431 1789 in
446 1731 595 1806 euangelio
610 1731 740 1803 loannis,
754 1732 804 1791 ubi
816 1735 881 1806 post
893 1732 1129 1791 resurrectionem
1141 1749 1245 1807 corpus
1256 1730 1372 1791 hominis

239 1835 365 1894 crucifixi
377 1853 428 1910 per
440 1836 584 1895 clauorum
596 1836 682 1912 signa
693 1837 836 1911 cognouit,
855 1838 946 1905 deum,
959 1836 1008 1910 qui
1020 1836 1098 1895 intra
1109 1836 1251 1895 hominem
1263 1836 1371 1903 latebat,

239 1939 395 2014 apostoliea
409 1944 439 1999 et
454 1940 620 2015 euangelica
636 1942 804 2002 auctoritate
821 1941 970 2001 confessus
987 1943 1031 1999 cst
1043 1940 1083 1999 ita
1095 1941 1207 1999 dicens:
1225 1941 1373 2000 dominus

189 2067 213 2105 15
239 2062 332 2103 meus
354 2049 387 2103 et
406 2047 488 2103 deus
508 2063 609 2104 meus
648 2046 673 2104 si
694 2046 763 2104 fides
784 2046 868 2115 adsit,
892 2049 991 2120 aperta
1011 2048 1055 2104 est
1069 2046 1153 2117 ratio,
1177 2064 1234 2120 qua
1251 2046 1373 2105 Christus

241 2167 318 2208 nunc
329 2150 423 2208 minor
436 2168 514 2209 nnnc
526 2150 653 2225 aequalis
664 2152 740 2225 patri
753 2152 843 2210 sacris
855 2150 1049 2209 uoluminibus
1062 2154 1217 2221 asseratur,
1235 2149 1374 2223 sicutipse

241 2257 274 2314 de
290 2272 321 2313 se
336 2254 418 2313 dicit:
435 2272 494 2331 ego
507 2255 637 2329 primus
653 2259 686 2313 et
701 2246 924 2317 nouissimus.
952 2255 1149 2314 indubitanter
1161 2273 1293 2330 agnosse,
1308 2254 1374 2328 quod

241 2360 364 2435 priorem
380 2378 439 2419 non
455 2363 550 2436 potest
561 2361 675 2431 habere,
691 2361 740 2434 qui
755 2362 864 2435 primus
881 2362 933 2419 est.
961 2360 1043 2418 item:
1061 2376 1120 2435 ego
1137 2378 1208 2418 sum
1225 2380 1243 2418 α
1258 2362 1290 2419 et
1300 2380 1333 2428 o,
1349 2360 1374 2415 et

243 2465 317 2524 siout
329 2486 346 2522 α
361 2466 485 2524 litteram
498 2466 578 2525 nulla
588 2466 741 2540 praecedit,
758 2466 800 2524 ita
815 2468 843 2524 et
858 2466 945 2524 filium
963 2466 1007 2524 dei
1020 2465 1092 2523 nulli
1105 2466 1258 2524 seeundum
1271 2464 1375 2523 constat

191 2588 216 2628 ae
244 2588 317 2642 esso,
333 2570 401 2645 qnia
416 2572 485 2629 dous
501 2563 555 2629 est'

793 2728 830 2787 Π.

289 2885 362 2954 Quid
377 2884 611 2958 respondebimus
623 2884 675 2953 eie,
692 2884 742 2957 qui
754 2868 886 2957 spiritum
900 2886 1031 2942 sanetum
1044 2884 1143 2941 dicunt
1154 2884 1291 2941 minorem
1304 2884 1375 2940 deum

247 2992 307 3058 aut,
323 2991 395 3063 qnod
412 2988 579 3047 sceleratius
595 2991 648 3058 est,
665 2989 882 3047 ministerialem
898 2989 989 3063 magis
1005 3006 1090 3063 quam
1105 2990 1187 3046 deum
1200 2990 1320 3063 abrupta
1330 2987 1375 3044 im·

246 3096 352 3167 pietate
367 3093 577 3168 pronuntiant?

195 3218 219 3256 aa
291 3204 459 3282 Responsio..

290 3303 431 3372 Quomodo
447 3306 578 3361 creatura
592 3304 710 3372 dicotur,
727 3303 776 3376 qui
789 3302 895 3361 domini
912 3306 1020 3361 creator
1036 3318 1069 3360 ex
1081 3302 1173 3361 diaria
1187 3306 1377 3377 conprobatur,

248 3408 323 3465 sieut
346 3407 480 3481 legimus:
505 3409 693 3481 concaptus
717 3409 754 3465 de
777 3407 908 3480 spiritu
932 3410 1067 3477 sancto,
1091 3408 1195 3465 natus
1219 3424 1257 3465 ex
1280 3405 1380 3464 llario

249 3511 397 3586 uirgine.
426 3512 557 3569 Christus
573 3511 649 3569 enim
665 3529 723 3569 non
739 3513 772 3569 de
788 3512 952 3569 substantia
968 3510 1087 3585 spiritus
1104 3512 1208 3582 sancti,
1225 3513 1274 3570 sed
1290 3512 1321 3569 de
1335 3526 1378 3584 pr-

248 3615 350 3683 tentia,
368 3633 420 3675 neo
435 3618 468 3674 de
484 3616 678 3691 generatione,
702 3617 751 3673 scd
767 3615 895 3675 iussione
911 3618 939 3674 et
954 3616 1150 3675 benedictione
1166 3618 1317 3690 conceptus
1332 3614 1377 3671 est.

353 3775 591 3844 melphitam
645 3774 901 3844 31Psal1n.21‚18.
956 3776 983 3845 7]
1003 3774 1147 3839 Titan.
1203 3776 1230 3845 8]
1244 3775 1330 3837 Titi,
1344 3776 1377 3827 13.

251 3864 296 3931 14]
314 3863 407 3916 Ioaun.
420 3866 462 3926 20,
475 3865 517 3918 28.
573 3863 617 3932 17]
636 3862 679 3916 us.
692 3864 734 3926 44,
748 3865 771 3917 6.
846 3861 1064 3931 1ellpoo.1,a
1136 3863 1182 3931 27]
1201 3862 1377 3931 Symbapost.

293 4013 384 4080 dipsa
403 4010 435 4064 de
453 4028 481 4064 ee
499 4005 569 4079 Arrp.
642 4011 813 4079 'lapostolus
832 4011 865 4064 ad
884 4010 974 4064 Titum
995 4012 1021 4065 P
1091 4006 1376 4065 detrimentorum

251 4099 343 4154 omP
408 4102 439 4154 10
457 4098 574 4151 infidelis
592 4098 709 4151 hominis
728 4100 800 4168 Aup.
874 4102 905 4153 19
924 4098 1015 4150 littera
1033 4100 1103 4168 Aup.
1176 4099 1210 4151 22
1229 4097 1318 4150 dicunt
1334 4092 1376 4146 mi·

252 4202 343 4239 norom
363 4185 453 4253 deum]
473 4192 520 4238 aut
537 4184 669 4238 minorem
688 4185 782 4238 dicunt
800 4188 871 4254 Aup.
925 4184 1075 4239 addicitur
1094 4186 1163 4254 Aup.
1223 4187 1257 4239 28
1274 4186 1305 4251 es.
1317 4182 1374 4235 Bre-

161 4311 166 4321 .
252 4275 322 4327 orior.
337 4290 366 4341 p.
382 4278 449 4326 231.-
471 4289 524 4325 non
547 4272 618 4325 enim
640 4272 818 4339 generatione,
843 4272 889 4325 sed
912 4270 1027 4325 iussione
1050 4274 1076 4325 et
1098 4270 1279 4325 benedictione
1300 4262 1372 4322 ancti

252 4358 361 4430 spiritus
379 4362 520 4429 conceptus
538 4362 579 4413 est
596 4358 721 4416 Christus
773 4362 808 4415 29
827 4358 859 4412 de
879 4376 929 4415 oua
944 4360 1014 4431 Aup.
1147 4354 1148 4359 '
