3100 4892
617 407 682 463 1111.
702 409 812 482 Sermo
829 411 854 464 4.
1243 407 1306 473 231

169 603 273 650 amore
303 585 499 649 inimicorum
528 603 589 650 non
616 585 718 668 possis
747 585 863 648 imitari
890 584 1177 649 dominumtuum.
1224 587 1307 648 certe

168 687 278 754 beatus
302 689 479 774 Stephanus
501 690 595 754 homo
619 693 685 754 erat
713 693 744 752 et
771 707 833 753 non
856 689 943 768 deus,
970 689 1029 753 hoc
1057 693 1133 769 erat,
1156 688 1238 770 quod
1261 692 1307 770 tu,

168 793 222 856 sed
246 793 328 874 quod
349 795 433 874 fecit,
458 812 519 859 non
543 794 616 858 iecit
646 793 706 857 nisi
729 794 865 857 donante
888 793 950 872 illo,
973 812 1065 875 quern
1089 811 1180 876 rogas
1204 797 1236 857 et
1261 796 1305 857 tu.

168 897 238 961 uide
269 902 386 978 tamen,
417 899 498 981 quod
530 899 644 962 iecerit.
691 897 879 980 loquebatur
908 897 1046 977 Iudaeis,
1080 897 1243 962 saeniebat
1275 900 1308 962 et

168 1000 328 1086 diligebat.
360 1008 528 1085 utrumque
545 1003 641 1068 debeo
665 1002 890 1081 demonstrare,
914 1006 945 1066 et
968 1002 1160 1067 saeuientem
1184 1005 1216 1065 et
1238 1002 1307 1066 dili·
1333 1027 1346 1067 a

167 1111 304 1189 gentem.
330 1109 401 1171 audi
418 1108 621 1173 saeuientem.
646 1106 742 1170 uerba
760 1111 834 1171 sunt
846 1106 1004 1189 Stephani,
1021 1107 1145 1188 quando
1160 1106 1307 1188 adloque-

167 1209 259 1274 hatur
294 1211 434 1275 Iudaeis:
473 1212 555 1275 duri
588 1211 737 1276 ceruice
771 1215 807 1275 et
841 1211 1097 1275 incircumcisi
1131 1210 1237 1275 corde
1271 1213 1308 1274 et

168 1313 338 1396 eurihuS,
363 1334 428 1380 uos
452 1335 597 1398 semper
620 1316 773 1399 spiritui
797 1320 927 1379 sancto
949 1315 1163 1380 restitistis.
1202 1333 1307 1396 quem

168 1420 435 1502 prophetarum
469 1439 539 1484 non
574 1420 794 1485 occiderunt
830 1423 958 1504 patres
993 1420 1135 1484 uestri?
1194 1419 1306 1483 audist'

168 1525 368 1588 saeuientem.
400 1526 534 1589 alterurn
551 1524 647 1590 debeo
671 1525 844 1604 ostendere,
868 1524 994 1588 audiet
1017 1525 1206 1608 diligentem.
1236 1523 1308 1588 irati
1334 1550 1360 1590 ιι

167 1627 211 1690 1111
234 1627 309 1693 iacti
333 1633 363 1693 et
385 1630 512 1713 grauius
535 1629 766 1694 inardescentes
791 1631 822 1692 et
846 1629 930 1692 mala
951 1646 1007 1711 pro
1029 1627 1121 1693 bonis
1143 1628 1307 1693 reddentes

167 1731 206 1794 ad
236 1732 355 1815 lapides
381 1736 604 1796 concurrerunt
634 1736 665 1796 et
696 1733 744 1796 dei
775 1733 929 1797 famulum
961 1731 1099 1815 lapidare
1128 1735 1306 1815 coeperunt.

167 1836 217 1899 hic
237 1835 345 1918 probo,
369 1841 476 1901 sancte
493 1835 659 1920 Stephane,
683 1837 883 1902 dilectionem
899 1842 998 1917 tuam,
1021 1837 1073 1901 hio
1088 1841 1119 1901 te
1134 1837 1306 1917 uideamus,

167 1940 216 2003 hic
240 1945 270 2004 te
294 1945 482 2023 spectemus,
506 1942 557 2005 hic
579 1942 730 2006 uictorem
754 1939 870 2005 diaboli
893 1940 1218 2023 triumphatoremque
1241 1959 1307 2004 cer·

167 2061 288 2108 namus.
335 2063 404 2109 ecce
430 2045 542 2109 beatus
573 2043 749 2129 Stephanus
781 2046 935 2127 aspiciens
965 2046 1071 2125 illum,
1102 2046 1155 2127 qui
1184 2063 1239 2128 pro
1270 2062 1306 2108 eo
1333 2071 1359 2111 ιι

167 2148 315 2230 pependit
331 2153 362 2212 et
384 2150 416 2212 in
439 2150 524 2232 ligno
544 2151 643 2214 crucis
667 2149 830 2233 figebatur,
854 2151 907 2214 ille
929 2151 988 2214 iste
1010 2151 1075 2231 ipse
1098 2147 1304 2231 lapidabatur.

167 2251 330 2318 illedixit:
360 2254 513 2338 ignosce
536 2254 629 2334 illis,
657 2259 776 2337 pater,
805 2254 892 2336 quia
921 2254 1111 2334 nesciunt,
1139 2253 1227 2335 quid
1257 2254 1306 2317 ia-

169 2358 281 2421 ciunt.
314 2362 359 2439 tu,
382 2358 472 2423 beate
496 2358 662 2442 Stephane,
686 2359 761 2441 quid
784 2359 882 2423 dicis?
916 2358 1040 2422 audiam
1064 2362 1096 2422 et
1117 2358 1242 2421 uideam
1264 2361 1306 2438 te,

171 2462 302 2526 neforto
319 2465 436 2546 possim
460 2464 510 2528 uel
534 2468 564 2527 te
588 2464 709 2528 imitari.
741 2464 879 2547 primum
901 2461 1013 2527 beatus
1029 2460 1203 2544 Stephanus
1219 2465 1306 2526 stans

171 2567 270 2630 orauit
284 2585 339 2649 pro
356 2587 388 2632 se
405 2571 436 2632 et
451 2568 507 2632 ait:
531 2567 677 2632 domine
693 2567 792 2648 Iesu,
816 2568 964 2650 suscipe
984 2567 1158 2650 spiritum
1175 2585 1303 2630 meum.
1331 2593 1358 2633 ιιι

171 2688 239 2734 curn
271 2672 347 2736 haec
378 2672 519 2752 dixisset,
550 2690 653 2756 genua
682 2671 766 2736 flexit
793 2675 825 2736 et
855 2690 938 2755 genu
968 2670 1047 2735 flexo
1070 2671 1128 2734 ait:
1160 2671 1305 2735 domine

171 2774 267 2856 Iesu,
292 2795 334 2840 ne
359 2780 504 2841 statuas
527 2777 606 2840 illis
630 2777 697 2840 hoc
721 2778 757 2840 in
781 2780 986 2860 peccatum,
1011 2778 1042 2840 ct
1063 2776 1123 2841 hoc
1145 2775 1227 2840 dicto
1250 2774 1306 2840 ob·

171 2878 323 2944 dormiuit.
351 2899 369 2945 o
392 2882 464 2946 felix
487 2899 614 2946 somnus
638 2885 670 2946 et
692 2882 815 2964 requies
837 2900 923 2963 uera,
947 2900 1017 2946 ecce
1039 2881 1119 2963 quod
1143 2884 1192 2944 est
1213 2880 1305 2945 beate

170 2985 360 3066 requiescere
382 3002 437 3068 pro
460 2986 593 3050 inimicis
617 3003 713 3050 orare.

212 3087 271 3154 Sed
293 3107 368 3173 rogo
390 3093 432 3171 te,
455 3087 622 3172 Stephane,
645 3094 681 3154 ut
704 3090 782 3154 mihi
805 3089 940 3174 digneris
965 3095 1125 3173 exponere,
1150 3089 1224 3171 quid
1245 3090 1306 3153 fuit
1331 3115 1357 3156 ιι

175 3192 241 3275 hoc,
264 3211 320 3276 pro
344 3197 374 3258 te
397 3197 485 3259 stans
508 3195 602 3259 orasti
626 3197 658 3258 at
680 3185 735 3277 pro
758 3194 891 3258 inimicis
914 3213 997 3278 genu
1018 3193 1140 3258 flexisti.
1175 3193 1306 3258 sienim

272 3410 299 3478 r]
318 3410 377 3464 ses.
391 3413 416 3480 r,
429 3413 470 3466 51.
525 3411 569 3480 rr]
588 3409 760 3476 menaea
815 3410 861 3480 ao]
880 3409 1032 3475 Accam.
1086 3409 1132 3479 21]
1150 3409 1215 3464 sorr.

230 3611 372 3666 lemitare
391 3611 420 3666 D
471 3611 576 3680 3nisiiii
595 3613 624 3666 D
641 3612 709 3677 (crat
728 3627 745 3664 n
763 3612 878 3714 ιἰιὴζᾱαε.)
913 3627 990 3680 roges
1008 3615 1036 3664 ct
1053 3614 1083 3664 tu
1099 3612 1180 3680 Aug,
1199 3612 1305 3679 rogaret

170 3727 198 3776 tu
216 3725 245 3778 D
301 3723 421 3778 4iudeis
439 3726 469 3779 D
525 3723 642 3778 seuiebat
660 3726 690 3779 D
743 3689 914 3788 hodehetrsD,
933 3726 1049 3792 fortasse
1070 3742 1130 3780 mem
1149 3725 1304 3794 Augustino

169 3811 351 3866 smrhmdwn:
373 3815 515 3880 utrumque
537 3811 675 3865 ostendere
698 3810 789 3876 debeo,
814 3811 885 3880 (quia
902 3810 956 3864 dixi
974 3809 1109 3864 saeuiehat
1126 3813 1153 3864 et
1171 3810 1225 3863 dixi
1243 3809 1304 3863 dili-

169 3897 254 3964 gabat,
273 3901 415 3966 utrumque
431 3897 522 3960 debeo>
535 3898 716 3952 demonstrare
769 3898 914 3951 seuientem
928 3899 957 3952 D
1009 3897 1206 3952 ostentantem
1223 3897 1304 3966 Aug,

169 4001 195 4038 se
219 3985 369 4039 uenientem
394 3987 422 4039 D
491 3985 635 4054 stephanus
658 3987 697 4040 D¹
770 3985 894 4040 tindeis
912 3985 942 4038 D
1003 3983 1073 4051 duriti
1097 3985 1126 4038 D
1149 3985 1217 4050 (erat
1239 3999 1251 4036 s
1272 3984 1304 4037 ia

169 4100 231 4166 rae.)
289 4065 494 4155 8restitisti⁸D
559 4099 727 4169 Spphgtaru
745 4099 774 4152 D
838 4100 869 4153 10
887 4097 1033 4151 seuientem
1056 4097 1085 4150 D
1143 4098 1173 4151 ll
1198 4095 1303 4148 inarde-

170 4188 268 4239 scentes
281 4185 362 4256 Ang,
382 4185 534 4238 inardentes
553 4187 582 4240 D
640 4189 672 4241 12
685 4186 790 4254 ccepeit
809 4185 839 4238 D
896 4186 928 4240 14
948 4183 1049 4238 diahuii
1066 4184 1095 4237 D
1153 4186 1186 4237 16
1203 4180 1303 4250 figeba->

169 4275 211 4326 tur
230 4273 259 4328 D
329 4275 363 4328 18
379 4271 482 4325 uidiam
501 4273 529 4327 D
600 4275 632 4328 19
650 4273 760 4327 emitare
778 4273 808 4326 D
877 4271 994 4340 primum
1016 4270 1121 4339 scripsi,
1143 4269 1246 4337 primus
1273 4269 1304 4322 D

169 4361 197 4416 21
219 4359 298 4430 genui
316 4357 382 4412 flexo
401 4360 431 4413 D
448 4360 515 4425 (cred
533 4375 548 4412 o
566 4360 597 4414 in
614 4361 681 4428 roo.)
732 4361 766 4414 22
786 4360 887 4412 statues
904 4358 935 4413 D
985 4359 1020 4412 26
1037 4358 1158 4426 ptestnna
1176 4356 1207 4411 D
