3100 4892
271 404 313 469 80
670 434 673 437 ⁴
733 405 754 458 Ι.
774 404 818 457 De
836 404 945 473 gratia

271 581 419 664 exemplis
442 581 671 665 praestringere
694 599 751 645 nos
774 584 906 663 oportet,
931 580 1039 663 quanti
1062 583 1134 645 ante
1157 580 1261 664 legem
1287 579 1407 644 litterae

271 685 431 750 erudiente
451 686 520 769 lege
536 689 675 765 naturae,
699 703 780 767 quae
803 685 914 768 prima,
938 689 974 749 ut
997 686 1139 766 diximus,
1163 686 1213 749 dei
1235 684 1338 769 gratia
1353 686 1407 763 est,

270 788 428 853 uestibula
455 790 564 854 salutis
586 790 773 854 intrauerint
795 809 850 872 per
871 789 1031 855 Christum
1058 789 1096 854 ad
1120 788 1188 873 ipsa
1209 790 1294 853 uitae
1317 806 1408 870 pene·
1522 776 1523 857 l

270 894 361 957 tralia
382 894 581 976 perducendi.

231 1025 244 1063 s
313 996 372 1063 Sed
407 996 484 1084 (dei)
518 1016 642 1082 quoque
678 1000 710 1063 in
744 1000 848 1063 locum
883 998 963 1063 Abel
1000 1017 1121 1063 morum
1157 1016 1193 1063 ae
1228 996 1409 1062 meritorum

270 1102 471 1167 similitudine
494 1103 683 1168 substitutus
705 1103 788 1168 unde
811 1104 941 1187 prolana
960 1104 1065 1167 fratris
1085 1104 1229 1168 instituta
1253 1120 1409 1185 respuere,

270 1206 353 1270 unde
376 1208 505 1271 meliora
527 1207 681 1290 potuisset
703 1208 828 1291 eligere,
851 1208 911 1271 nisi
933 1226 1005 1271 eum
1028 1208 1060 1272 in
1083 1207 1167 1271 uiam
1187 1210 1305 1271 rectam
1321 1206 1410 1269 intel-

270 1312 371 1375 lectus
395 1314 425 1375 et
446 1312 525 1376 ratio
548 1311 719 1391 direxisset,
743 1329 805 1393 qua
828 1311 904 1375 duce
925 1314 1049 1375 sanetas
1070 1311 1249 1375 traditiones
1270 1314 1303 1375 et
1321 1328 1410 1393 prae-

270 1413 419 1479 dicabiles
450 1415 627 1498 disciplinas
657 1417 744 1480 uelut
772 1415 994 1480 hereditarium
1023 1434 1138 1479 munus
1169 1414 1345 1479 transmisit
1372 1413 1410 1477 ad
1522 1452 1523 1457 κ

221 1545 245 1585 ιο
271 1522 422 1601 posteros
452 1523 488 1583 ut
517 1520 700 1604 angelorum
730 1520 782 1584 uel
813 1519 949 1584 liliorum
979 1520 1028 1583 dei
1058 1519 1185 1583 nomine
1211 1537 1266 1602 per
1294 1518 1410 1581 multas
1522 1588 1523 1591 Ἴ

271 1627 474 1688 censerentur
498 1627 640 1689 aetates?
677 1623 746 1707 quis
770 1624 893 1689 dubitet
916 1625 1096 1688 innumeras
1120 1624 1187 1687 eius
1203 1622 1338 1687 familias
1354 1621 1410 1686 deo
1522 1696 1523 1711 ἶ

271 1728 413 1811 placitas,
435 1727 580 1792 libertate
603 1728 725 1793 arbitrii
754 1728 911 1812 praeditas
939 1731 971 1793 et
993 1746 1030 1793 ex
1052 1726 1200 1812 gentibue
1231 1727 1327 1791 fuisse
1350 1726 1411 1791 sal·
1522 1712 1523 1787 ᾗ

270 1835 373 1912 natae,
403 1832 441 1897 de
464 1831 578 1915 quibus
600 1833 691 1915 pauci
714 1832 892 1913 admodum,
924 1833 978 1896 sed
1001 1832 1078 1896 clari
1100 1835 1193 1914 atque
1219 1830 1351 1915 perfecti
1373 1830 1410 1894 ad

271 1935 546 2001 inluminationem
569 1937 686 2001 saeculi
709 1937 806 2001 sacris
829 1935 1001 2018 produntur
1017 1936 1168 2019 eloquiis?
1206 1934 1288 1999 uude
1303 1934 1410 1999 Enoch
1522 1938 1523 1961 ¹

220 2064 245 2105 u
272 2058 344 2103 cum
374 2040 432 2105 deo
461 2041 622 2106 ambulare
652 2042 704 2106 uel
734 2041 791 2106 deo
822 2041 945 2124 placere
974 2040 1137 2123 potuisset,
1169 2040 1228 2103 uisi
1258 2057 1330 2103 eum
1361 2039 1409 2103 leu
1522 2070 1523 2073 ¹

271 2144 443 2209 uisceribus
466 2146 570 2210 inlusa
592 2149 711 2210 secreto
734 2146 913 2230 magisterio
937 2145 1156 2209 inluminasset
1170 2144 1202 2208 in
1218 2147 1353 2223 tantum,
1376 2146 1410 2207 ut

272 2248 350 2313 nihil
381 2251 540 2313 terrenum
568 2250 692 2331 sapiens
715 2249 899 2314 mirabiliter
922 2254 1045 2314 eterra
1068 2248 1124 2312 deo
1154 2249 1339 2312 adsumente
1361 2264 1410 2310 ra-

270 2356 418 2436 peretur?
455 2353 510 2437 qui
540 2354 615 2417 dum
644 2353 715 2417 fidei
746 2354 858 2418 rnerito
882 2354 914 2417 in
937 2354 1037 2437 prima
1060 2353 1175 2417 saeculi
1197 2352 1280 2417 illius
1309 2354 1409 2416 aetate

272 2460 392 2522 ceteros
415 2458 584 2540 antecellit,
607 2457 701 2522 fidem
723 2459 826 2542 ipsam
848 2476 920 2521 cum
941 2458 1012 2542 lege
1034 2460 1164 2522 naturae
1188 2456 1248 2521 sibi
1263 2456 1408 2521 traditam

220 2588 247 2627 so
273 2561 370 2626 luisse
393 2562 565 2645 perdocuit,
588 2562 670 2626 sicut
684 2562 834 2647 legimus:
858 2560 936 2627 side
959 2561 1084 2626 Enoch
1107 2562 1316 2627 translatus
1340 2562 1408 2640 est,

272 2669 313 2730 ut
328 2683 399 2730 uon
414 2667 561 2731 uideret
575 2670 740 2731 mortem.
780 2670 867 2731 ante
884 2666 1175 2731 translationem
1193 2666 1290 2729 enim
1304 2663 1409 2728 testi-

272 2770 435 2835 monium
458 2770 592 2835 habuit
613 2770 803 2854 placuisse
826 2771 901 2835 deo.
941 2770 1020 2835 sine
1043 2769 1118 2834 side
1143 2773 1264 2833 autem
1288 2768 1410 2851 inpos·

272 2873 385 2939 sibile
415 2878 472 2940 est
500 2876 649 2958 placere
679 2875 756 2940 deo.
796 2874 945 2939 credere
975 2877 1099 2939 autem
1129 2876 1277 2957 oportet
1311 2890 1409 2937 aece-

272 2978 421 3043 dentem
455 2978 498 3043 ad
532 2978 653 3061 deum,
691 2980 778 3061 quia
812 2982 869 3043 est
907 2982 943 3043 et
975 2978 1255 3061 inquirentibus
1290 2996 1328 3041 se
1364 2977 1409 3041 fit

220 3108 246 3148 ze
272 3086 539 3149 remunerator.
578 3083 639 3149 nisi
668 3084 846 3148 uoluntaria
876 3084 1039 3148 deuotione
1067 3086 1098 3147 et
1119 3082 1292 3147 intentione
1316 3099 1409 3164 quae-

271 3191 401 3269 reretm,
430 3187 715 3253 remunerationem
745 3188 865 3253 homini
895 3206 957 3252 non
984 3187 1128 3267 deferret,
1159 3186 1220 3250 nisi
1243 3188 1271 3254 ei
1293 3185 1408 3269 aliquid

272 3293 442 3376 proprium,
472 3293 554 3358 unde
583 3296 690 3376 posset
718 3294 853 3375 placere,
882 3292 1054 3357 tribuisset.
1094 3292 1169 3355 dum
1191 3293 1298 3355 autem
1322 3290 1407 3354 dicit:

273 3400 359 3461 ante
374 3397 665 3462 translationem
681 3398 777 3461 enim
794 3395 1054 3461 testimonium
1070 3394 1202 3460 habuit
1220 3395 1409 3478 placuisse

273 3501 354 3582 deo,
378 3500 508 3566 dubium
530 3520 594 3567 non
617 3505 674 3583 est,
698 3502 779 3585 quod
802 3502 886 3585 prius
902 3502 969 3565 uita
989 3501 1181 3565 examinetur
1197 3502 1228 3563 et
1243 3500 1287 3563 sic
1303 3499 1410 3563 electio

376 3674 422 3745 ao]
442 3674 523 3730 near.
545 3679 584 3740 ιι,
598 3679 622 3731 5.

317 3831 398 3887 5dei
420 3832 532 3900 addidi,
554 3850 606 3887 cm.
629 3832 662 3900 P,
690 3831 779 3886 hooc
849 3846 967 3900 quoquae
991 3832 1018 3885 P
1085 3830 1182 3886 locos
1251 3832 1410 3900 brespuere
1522 3884 1523 3887 ,

272 3920 379 3989 scripsi,
398 3921 534 3987 respueret
551 3920 579 3973 P
642 3917 746 3973 iunde
763 3919 872 3988 seipsi,
890 3918 951 3972 inde
970 3919 997 3972 P
1060 3918 1160 3987 elegere
1179 3919 1207 3972 P
1269 3917 1297 3971 in
1315 3936 1367 3974 cm.
1386 3918 1412 3972 P

274 4008 308 4062 13
330 4005 390 4075 adq:
408 4007 438 4061 P
514 4008 547 4061 14
568 4005 661 4059 Enoch
682 4008 793 4076 scripsi,
816 4006 844 4060 iu
861 4006 912 4060 hcc
931 4008 964 4076 P,
987 4006 1058 4060 enim
1077 4006 1169 4060 Enoch
1186 4024 1204 4061 c
1275 4008 1307 4062 19
1328 4003 1410 4059 tradi·

273 4096 332 4147 tum
351 4095 387 4148 P¹
448 4096 483 4149 20
500 4092 626 4162 perdocet
642 4111 660 4148 c
720 4108 784 4147 enoc
803 4094 830 4147 P
890 4096 924 4149 22
942 4093 1091 4163 inpossibili
1110 4094 1137 4147 P
1199 4094 1234 4148 24
1255 4092 1289 4147 fit
1304 4092 1411 4160 addidi,

273 4199 324 4236 cm.
338 4181 371 4241 Ρ.
384 4181 448 4235 site
498 4182 532 4235 25
547 4178 725 4233 uoluntariam
739 4179 940 4236 deuotiouemc
991 4181 1195 4235 intentionemv
1248 4182 1412 4248 quaerereto

273 4271 307 4323 26
329 4267 454 4336 deferret]
474 4269 501 4321 et
518 4268 617 4322 addc
668 4270 701 4322 27
720 4268 870 4338 proprium]
888 4268 997 4337 priusa
1052 4271 1141 4337 posset
1158 4268 1265 4337 accipet,
1284 4266 1369 4335 possit
1387 4266 1413 4319 P

274 4357 308 4411 22
326 4356 398 4409 uitae
417 4356 445 4409 P
