3100 4892
599 414 604 425 ’
665 434 763 513 Liber
781 434 810 489 II
828 440 852 491 5.
1287 434 1330 499 69

188 616 371 681 infidelitate
394 614 551 680 discedere
575 618 607 678 et
629 613 668 677 ad
690 614 795 677 lenem
817 612 1032 696 temptationis
1060 614 1183 676 aestum
1205 611 1331 677 infirma

186 721 290 786 radice
321 720 461 785 delicere.
518 719 697 799 uideamus,
728 735 806 799 quos
837 735 949 782 sanare
986 717 1187 797 temptauerit
1225 720 1256 780 et
1286 717 1329 781 eis

186 844 299 907 parum
322 843 378 909 pro
400 823 602 906 consequenti
624 822 841 887 incredulitate
864 821 1025 903 profuerit.
1070 839 1141 885 ecce
1169 838 1259 885 seruo
1284 821 1329 885 illi

185 930 218 994 in
252 930 415 1013 euangelio
446 928 569 1013 maguis
603 926 715 991 debitis
750 929 782 989 et
811 926 934 989 animae
956 923 1158 1009 languoribus
1181 942 1328 1009 oppresso

185 1034 295 1098 decem
318 1034 403 1099 milio
430 1034 564 1112 talenta,
593 1049 672 1114 quae
700 1031 728 1093 ei
749 1030 883 1095 remissa
904 1029 1105 1110 uidebantur,
1133 1048 1188 1113 per
1210 1030 1327 1094 crimen
1368 1058 1381 1098 a

185 1140 331 1223 propriae
353 1138 491 1203 malitiae
514 1136 644 1201 adiectis
667 1134 853 1200 cruciatibus
878 1134 1056 1219 exiguntur,
1083 1133 1138 1198 ubi
1166 1138 1197 1199 et
1218 1134 1329 1199 adnor-

184 1243 318 1308 tendum
339 1246 397 1323 cst,
418 1242 570 1324 quomodo
591 1240 745 1323 adquisita
764 1239 937 1322 perduntur
958 1242 989 1303 et
1007 1238 1159 1303 beneficia
1176 1240 1240 1303 iam
1255 1256 1328 1303 oon·

183 1347 252 1412 lata
273 1350 470 1412 reuocentur.

228 1450 291 1518 Sed
313 1456 345 1516 et
367 1451 419 1516 ille
442 1450 571 1533 depulso
595 1468 614 1515 a
635 1470 669 1515 so
691 1450 841 1516 inmundo
869 1449 980 1534 spiritu
1007 1447 1046 1512 ad
1069 1450 1194 1531 tempus
1216 1448 1329 1531 legitur

181 1557 284 1621 fuisse
307 1558 450 1637 sanatus,
478 1556 516 1619 de
541 1572 601 1637 quo
625 1553 701 1619 dicit
722 1573 825 1620 sermo
849 1553 988 1618 diuinus:
1017 1570 1098 1616 oum
1127 1555 1249 1616 autem
1277 1552 1328 1615 in·
1356 1581 1382 1619 ro

183 1660 345 1725 mundus
376 1660 534 1743 spiritus
566 1658 700 1723 exierit
729 1659 772 1723 ab
804 1658 964 1737 homine,
999 1654 1237 1739 perambulat
1265 1675 1328 1738 per·

182 1767 266 1830 loca
294 1764 398 1829 arida
424 1782 607 1846 quaerens
635 1764 800 1846 requiem
828 1767 864 1827 et
891 1779 961 1827 non
988 1761 1194 1825 inueniens.
1241 1764 1328 1824 tunc

182 1870 291 1934 dicit:
311 1872 481 1933 reuertar
496 1868 532 1931 in
549 1868 694 1933 domum
714 1886 846 1948 meam,
866 1867 962 1932 unde
978 1866 1085 1931 enini.
1117 1869 1153 1929 et
1173 1865 1327 1930 ueniens

182 1974 335 2039 inuenit
353 1977 562 2054 uocantem,
586 1973 708 2057 scopis
729 1973 944 2037 mundatam
965 1974 1000 2035 et
1020 1974 1204 2051 ornatam,
1228 1970 1258 2033 id
1280 1973 1329 2034 est

181 2084 354 2144 uacuatam
379 2078 547 2143 uirtutibus
575 2080 607 2142 et
633 2076 826 2141 sanitatibus
852 2076 1065 2159 adimpletam.
1110 2078 1197 2139 tunc
1223 2074 1327 2139 uadit
1354 2100 1379 2141 ra

182 2189 219 2249 et
242 2182 407 2248 adsumit
429 2186 570 2265 septem
593 2182 688 2246 alios
715 2181 875 2265 spiritus
903 2180 1103 2263 nequiores
1131 2198 1184 2259 so,
1212 2182 1248 2243 ot
1275 2178 1327 2242 in-

181 2291 331 2352 trantes
353 2286 527 2352 habitant
548 2286 600 2351 ibi
623 2289 659 2350 et
680 2286 780 2351 fiunt
802 2284 1008 2351 nouissima
1031 2283 1193 2347 hominis
1220 2282 1326 2347 illius

180 2394 311 2477 peiora
339 2391 536 2474 prioribus.
597 2410 669 2455 ecoe
699 2390 749 2455 cui
778 2391 944 2455 sanitatem
975 2389 1134 2453 conlatam
1165 2406 1234 2451 osse
1263 2404 1326 2450 non

180 2498 313 2580 profuit,
341 2497 373 2560 in
401 2511 495 2578 quern
522 2494 734 2578 multiplicatis
763 2494 853 2559 malis
882 2494 1010 2559 nooiuus
1033 2494 1163 2577 languor
1186 2491 1327 2557 incubuit

181 2606 214 2667 et
241 2602 381 2665 increuit.
427 2599 482 2663 sed
509 2603 540 2663 et
567 2599 625 2663 alio
652 2598 719 2663 loco
746 2600 787 2679 is,
818 2599 870 2681 qui
895 2602 967 2681 post
993 2600 1154 2680 acceptam
1183 2596 1325 2661 notitiam
1352 2623 1378 2663 ro

181 2705 335 2784 ueritatis,
358 2704 390 2768 id
410 2708 459 2769 est
472 2707 544 2786 post
565 2704 720 2768 conlatam
744 2704 876 2768 ueritate
900 2702 957 2767 sibi
981 2721 1088 2766 curam
1111 2701 1221 2766 solutis
1244 2720 1326 2766 san-

179 2810 333 2894 guinem
349 2808 569 2873 testamenti
584 2807 768 2890 pollutum
785 2808 956 2886 duxerat,
973 2808 1009 2872 in
1026 2824 1094 2889 quo
1111 2806 1326 2870 sanctifica-

180 2920 243 2980 tus
259 2918 330 2995 est,
346 2914 439 2978 idest
453 2914 485 2977 in
501 2931 562 2995 quo
577 2917 708 2978 sanatus
725 2916 783 2994 est,
800 2912 944 2997 grauiora
959 2912 1073 2977 mereri
1089 2911 1240 2994 supplicia
1252 2930 1326 2993 apo·

180 3020 263 3084 stolo
279 3019 457 3083 adtestante
471 3015 660 3101 perhibetur.
694 3018 738 3081 sic
752 3020 856 3100 itaque
872 3018 973 3101 gratia
987 3017 1017 3081 in
1035 3016 1159 3098 eulpam
1183 3016 1324 3097 uertitur,

179 3125 242 3189 nisi
272 3122 415 3187 custodia
443 3120 660 3203 subsequatur.
711 3122 825 3186 sedin
852 3122 900 3185 his
929 3122 1123 3205 euangelista
1145 3120 1324 3185 Matthaeus
1351 3146 1377 3186 re

180 3231 258 3293 dum
289 3228 498 3293 incrassatum
528 3244 594 3307 cor,
624 3225 786 3291 obturatas
817 3244 907 3291 aures
938 3226 1121 3307 clausosque
1152 3226 1257 3290 oculos
1286 3226 1325 3289 ad

179 3334 309 3414 culpam
330 3330 466 3395 hominis
489 3330 594 3411 refert,
617 3348 671 3395 our
694 3350 755 3396 non
784 3334 978 3411 sanarentur,
1003 3330 1153 3413 apertiore
1177 3350 1270 3394 sensu
1294 3334 1325 3394 et
1437 3390 1440 3399 .

178 3436 352 3502 dilucidata
366 3435 484 3500 ratione
500 3436 668 3518 perdocuit,
689 3436 774 3518 dum,
796 3437 936 3518 iuquam,
960 3435 1049 3499 dicit:
1072 3436 1324 3500 incrassatum

179 3545 240 3606 est
262 3558 324 3605 cor
345 3540 476 3622 populi
497 3539 611 3604 huius
640 3544 676 3604 et
698 3539 852 3605 auribus
875 3540 1045 3623 gr'auiter
1067 3540 1267 3603 audierunt
1290 3543 1325 3604 et

179 3646 311 3711 oculos
339 3663 426 3709 suos
454 3645 681 3710 clauserunt.
726 3664 830 3709 nonne
853 3644 910 3708 tibi
933 3644 1054 3708 uidetur
1077 3644 1163 3709 uelut
1192 3644 1324 3708 interro-
1350 3669 1376 3711 eo

177 3749 343 3835 gentibus,
366 3767 422 3814 cur
441 3749 583 3814 uidentes
604 3768 667 3814 non
685 3750 814 3814 uideant
828 3752 859 3813 et
875 3748 1035 3813 audientes
1051 3767 1114 3813 non
1128 3748 1323 3831 intellegent,

176 3992 208 4047 M
224 3991 270 4047 qqh
288 3905 332 3974 lo]
350 3904 447 3959 matth.
469 3906 509 3970 12,
521 3906 563 3961 43.
623 3904 668 3973 15]
686 3903 783 3959 Matth.
805 3906 845 3968 12,
863 3907 905 3960 45.
964 3902 1010 3972 21]
1027 3902 1109 3957 Hebr.
1124 3906 1164 3968 10,
1176 3906 1217 3959 29.
1276 3904 1323 3973 28]

208 4009 225 4046 a
272 3993 341 4056 ,13,
355 3993 395 4046 15.

223 4134 403 4201 «lopproesso
421 4132 449 4184 P
508 4129 629 4185 ddecim
648 4130 676 4185 P
737 4132 769 4185 16
788 4129 911 4199 spiritus]
930 4145 1019 4184 secum
1037 4130 1136 4185 oddo
1200 4132 1234 4185 20
1253 4130 1322 4184 uoti-

178 4219 250 4273 ciam
263 4219 292 4272 P
341 4219 374 4273 21
389 4217 502 4271 uomtate
518 4218 626 4287 ocra'poi,
644 4216 786 4270 ueritatem
799 4218 833 4286 P,
851 4219 929 4274 ummo
947 4218 1073 4273 melano
1125 4219 1158 4273 22
1177 4215 1279 4270 dixerat
1296 4217 1324 4271 P

177 4308 214 4362 24
233 4305 381 4374 itaquaeP
431 4307 465 4361 25
483 4304 648 4360 matheusP
700 4307 734 4360 26
752 4303 923 4373 clausosquae
937 4306 964 4359 P
1014 4305 1048 4361 27
1065 4305 1173 4375 quan
1224 4306 1258 4361 28
1276 4302 1321 4361 do·

178 4391 301 4448 lucidata
318 4392 347 4447 P
398 4393 430 4449 31
450 4407 518 4461 quur
536 4392 564 4448 P
