3100 4892
610 448 676 510 1111.
695 455 806 512 Sermo
824 453 865 513 23.
1245 454 1308 526 317

210 629 333 716 ltaque,
355 631 479 715 fratres,
502 631 551 698 cui
575 634 659 699 mala
681 634 806 718 propria
828 653 890 700 nou
911 634 1082 717 sufficiunt,
1105 633 1159 700 ille
1174 636 1219 702 sic
1234 638 1308 722 agit,

166 742 204 803 ut
233 739 383 804 iudicium
413 741 509 804 etiam
540 739 660 804 ahenas
690 741 872 824 perditionis
902 741 1049 806 incurrat.
1088 744 1165 808 certi
1199 744 1309 827 simus,

166 844 332 923 carissimi,
356 844 447 926 quod,
471 845 532 909 nisi
555 863 733 926 caueamur,
761 845 822 909 nisi
845 849 967 910 nostras
990 846 1101 911 cotidie
1130 865 1308 914 resecemus

166 951 199 1011 et
219 948 478 1012 circumcidamus
494 949 666 1030 passiones,
691 949 860 1014 deteriores
881 951 1017 1015 multum
1032 968 1090 1015 nos
1106 950 1197 1033 effici,
1213 971 1308 1034 quam

165 1052 338 1133 fueramus,
362 1052 491 1117 damin
515 1054 573 1118 hoc
595 1054 719 1118 saeculo
742 1054 932 1134 uiueremuS,
955 1055 1000 1118 ita
1020 1058 1057 1119 nt
1075 1054 1155 1119 fiant
1169 1059 1308 1120 extrema
1348 1083 1361 1123 s

165 1158 276 1220 nostra
297 1157 403 1240 peiora
425 1157 589 1241 prioribus
629 1158 819 1239 etquidem,
850 1159 1013 1240 carissimi,
1042 1159 1201 1241 quamdiu,
1228 1178 1307 1244 quae

165 1261 205 1324 ad
237 1261 389 1326 muudum
415 1262 584 1345 pertinent,
615 1262 677 1326 illis
705 1262 826 1327 actibus
854 1267 886 1327 et
912 1264 1046 1347 negotiis
1074 1282 1198 1329 eramus
1225 1265 1308 1330 mili·

164 1368 283 1446 tantos,
313 1367 344 1430 in
375 1366 487 1448 quibus
519 1385 601 1430 nunc
630 1367 855 1448 erubescimus,
886 1372 961 1432 tunc
991 1367 1080 1432 nobis
1111 1370 1308 1434 aduersarius

164 1488 228 1534 non
251 1469 406 1553 obstabat,
430 1471 527 1536 immo
543 1473 639 1537 etiam
655 1471 881 1553 consentiebat,
905 1473 979 1554 quia
998 1473 1081 1537 cirea
1095 1474 1308 1540 miserabilem

165 1593 202 1639 ac
225 1575 380 1657 perditam
403 1577 502 1641 uitam
526 1581 666 1641 nostram
691 1595 753 1641 non
777 1577 967 1659 inueniebat,
998 1578 1031 1642 in
1062 1597 1122 1661 quo
1150 1584 1307 1644 exerceret
1334 1606 1360 1645 ιο

164 1679 317 1744 inuidiam
346 1698 445 1745 suam.
484 1680 682 1745 delectabant
711 1681 802 1745 illurn
832 1685 940 1746 nostra
970 1700 1074 1766 opera,
1106 1683 1308 1748 sufficiebant

163 1767 209 1848 illi
240 1803 296 1868 per
325 1804 358 1850 se
389 1789 497 1850 nostra
528 1787 658 1850 erimina
693 1789 723 1850 et
756 1790 895 1868 peccata.
933 1788 1003 1868 quis
1038 1788 1122 1851 enim
1156 1788 1309 1872 suscipiat

166 1888 284 1953 bellum
314 1894 422 1955 contra
453 1890 587 1955 militem
618 1908 711 1954 suum
742 1894 773 1954 et
804 1891 874 1972 quis
905 1891 983 1955 uelit
1012 1892 1198 1975 impugnare
1232 1893 1307 1958 sub-

162 1993 280 2057 iectum
303 1997 417 2059 suum?
455 1995 509 2059 sed
532 2014 625 2078 super
649 2013 775 2059 omnem
798 1995 1015 2060 infelicitatem
1038 2001 1104 2061 erat
1125 1997 1192 2061 uita
1211 1998 1306 2079 illius,

164 2099 214 2162 cui
238 2116 349 2162 nocere
371 2097 599 2182 dedignabatur
620 2099 777 2164 inimicus.
1333 2127 1358 2167 ιε

206 2202 252 2266 At
279 2221 352 2267 uero
381 2221 473 2285 nuno,
503 2207 668 2287 postquam
692 2205 908 2288 uoluptatibus
931 2205 1016 2269 illins
1043 2205 1305 2288 renuntiauimus,

163 2307 242 2370 uidit
265 2308 398 2372 cultores
421 2327 493 2373 suos
517 2308 556 2372 ad
579 2311 690 2373 actoris
714 2310 838 2392 pristini
857 2310 986 2374 rediisse
1006 2311 1203 2391 famulatum,
1227 2313 1305 2376 uidit

164 2412 195 2476 in
226 2411 317 2476 nobis
348 2413 481 2494 quodam
512 2414 604 2477 modo
633 2413 715 2478 idola
745 2414 857 2477 suain
881 2414 930 2477 dei
953 2415 1108 2497 templum
1132 2417 1246 2479 mutari
1274 2419 1305 2480 et

162 2517 311 2580 frendens
342 2521 374 2580 et
401 2522 563 2599 tamquam
590 2518 639 2581 leo
662 2519 789 2601 rugiens
813 2535 922 2582 omnes
947 2519 1077 2583 nocendi
1103 2520 1206 2583 aditus
1234 2540 1304 2602 per-

162 2622 240 2704 uigil
271 2620 432 2684 insidiator
463 2621 612 2704 explorat,
643 2622 681 2686 de
711 2640 772 2704 quo
803 2623 893 2687 leone
926 2624 1085 2706 apostolus
1116 2628 1303 2688 attestatur:
1330 2647 1356 2687 ao

163 2725 335 2808 uigilata,
367 2725 454 2807 quia
481 2726 722 2790 aduersarius
752 2731 879 2790 uester
906 2726 1078 2791 diabolus
1105 2732 1145 2792 ut
1167 2728 1224 2791 leo
1246 2748 1304 2792 rn-

162 2831 267 2912 giens
298 2830 431 2895 circuit
455 2850 653 2913 quaerens,
684 2850 790 2913 quem
815 2831 981 2896 deuoret.
1019 2831 1113 2912 beati,
1144 2851 1221 2915 quos
1253 2833 1304 2897 hic

162 2936 210 2998 leo
233 2935 434 3017 inquirendos
457 2936 573 3000 iudicat
596 2940 627 2999 et
650 2936 825 3016 sequendos
848 2937 956 3017 utique
979 2937 1131 3000 uirtutum
1161 2937 1303 3020 uestigiis

163 3044 193 3102 et
219 3038 312 3103 odore
341 3041 532 3104 meritorum.
572 3057 634 3103 non
662 3040 746 3103 enim
768 3039 808 3103 ab
832 3041 885 3104 illo
908 3041 1107 3122 inquiruntur
1131 3041 1192 3105 uisi
1217 3041 1302 3120 boni,

162 3145 234 3224 quia
264 3163 297 3207 se
328 3145 409 3208 ultro
439 3144 588 3228 ingerunt
611 3144 695 3208 mali.
735 3149 807 3233 post
828 3145 898 3209 illos
926 3145 1080 3208 uiolenter
1107 3146 1213 3226 currit,
1244 3146 1301 3210 hos
1329 3168 1354 3206 aa

162 3249 257 3312 etiam
286 3249 488 3332 neglegenter
514 3248 652 3312 incurrit.
691 3247 775 3312 beati
802 3249 908 3331 igitur,
936 3267 1014 3330 quos
1041 3248 1093 3312 hic
1115 3249 1163 3313 leo
1187 3249 1302 3313 inuidia

161 3353 282 3436 cogitur
312 3369 459 3434 quaerero
490 3356 521 3416 et
552 3353 671 3417 malitia
700 3371 762 3416 non
797 3354 987 3434 permittitur
1020 3354 1169 3417 inuenire.
1212 3355 1302 3417 terri-

161 3456 265 3520 biliter
288 3457 413 3538 quidem
437 3462 528 3523 sonat
550 3459 582 3522 in
606 3458 733 3522 auribus
757 3459 881 3538 nostris,
906 3459 980 3520 dum
1005 3459 1197 3522 audiuimus:
1221 3463 1301 3522 tam-

161 3579 255 3642 quam
278 3561 326 3626 leo
349 3564 486 3646 rugiens.
525 3562 580 3626 sed
603 3563 676 3644 quia
696 3562 814 3627 dictum
836 3565 899 3626 est:
923 3581 1030 3626 escae
1054 3563 1134 3627 eius
1158 3564 1301 3627 electae

161 3669 262 3746 sunt,
285 3667 368 3747 quod
383 3667 515 3748 quaerit,
535 3667 694 3731 electionis
711 3671 768 3747 est,
790 3667 872 3748 quod
890 3668 986 3751 rugit,
1002 3667 1225 3750 desperationis
1242 3669 1300 3747 est,
1327 3691 1353 3729 ao

161 3769 240 3834 siout
251 3771 283 3834 in
295 3770 356 3835 alio
367 3770 435 3836 loco
451 3771 600 3855 legimus:
617 3771 794 3836 dentibus
811 3772 888 3836 suis
904 3772 1053 3837 frendet
1067 3775 1104 3835 et
1120 3771 1300 3836 tabescet.

161 3874 203 3938 ita
225 3876 303 3938 haec
325 3875 463 3959 loquitur
486 3894 588 3940 sermo
613 3877 746 3957 diuinus,
777 3880 812 3941 ut
839 3877 949 3940 terrori
976 3877 1142 3939 coniuncta
1164 3876 1205 3939 sit
1227 3893 1300 3939 con-

263 4064 495 4135 5]llartu.1a,45.
532 4065 747 4135 21]1Petr.5‚s.
785 4065 998 4135 romanulo..
1025 4065 1298 4134 31]Psalm.lll,ld.

203 4242 300 4309 lugat
318 4239 374 4294 AB
425 4239 630 4309 tparditionis]
650 4255 703 4293 non
721 4239 785 4295 odd.
799 4241 827 4294 A
845 4241 904 4307 (sed
920 4240 1039 4307 aarum)
1056 4239 1084 4294 B
1144 4253 1237 4291 sumus
1255 4240 1299 4293 Bo

162 4326 328 4396 lpassiones
347 4342 368 4380 r.
382 4329 409 4380 cl
427 4343 448 4380 c.
467 4325 505 4382 Oc
557 4327 676 4396 8nunc]
694 4331 722 4381 et
738 4327 833 4383 oddo
885 4327 1026 4395 9quodo
1080 4329 1110 4382 ll
1130 4324 1299 4379 delectaban-

163 4419 203 4466 tur
224 4415 260 4469 t'o
314 4412 535 4482 sufficiebantque
554 4432 570 4468 o
622 4415 656 4468 20
674 4413 821 4482 apostolus]
839 4412 906 4468 bane
923 4415 987 4468 add.
1004 4414 1057 4467 0¹0
