3100 4892
626 354 691 409 1111.
711 355 820 408 Sermo
839 358 862 408 t.
1253 353 1317 418 249

178 552 254 616 quas
278 552 340 599 non
364 535 522 618 angelum,
546 553 607 598 non
631 533 866 616 archangelum,
889 532 943 596 sed
966 531 1053 595 misit
1075 531 1168 594 deum
1191 531 1230 594 ad
1253 534 1317 595 ter-

176 657 235 702 ras.
282 657 376 722 quam
410 639 514 722 grauis
549 640 590 704 sit
623 639 754 722 peoeati,
790 656 884 720 quam
921 636 999 701 dura
1032 636 1179 716 eondieio,
1213 636 1316 718 prodit

174 742 304 807 remedii
326 743 519 828 magnitudo.
564 747 682 826 quanta
705 744 860 808 malorum
883 741 1034 806 discussio
1057 740 1126 821 erit,
1149 759 1212 823 qna
1227 741 1315 805 dam-

174 846 343 928 nabuntur,
367 848 540 913 sollicitudo
562 848 688 929 indicat,
713 867 774 929 qua
796 847 1003 911 redimuntur.

216 951 311 1017 Omni
328 971 401 1036 ergo
424 953 586 1036 uigilantia
609 957 702 1035 atque
725 951 887 1036 diligentia
908 968 1086 1031 caueamus,
1109 969 1148 1014 ne
1170 951 1316 1016 uulneret
1354 980 1367 1018 n

172 1055 325 1136 diabolus,
347 1057 427 1138 quod
444 1058 568 1122 sanauit
582 1057 668 1138 deus,
691 1077 731 1121 ne
746 1077 802 1140 per
817 1073 1004 1121 eonsensum
1020 1055 1131 1135 eordiS,
1154 1074 1210 1137 per
1224 1054 1314 1140 flagi-

172 1161 251 1225 tium
275 1162 410 1244 eorporis
433 1161 629 1243 seruitutem,
657 1180 752 1244 quam
776 1162 927 1226 debemus
950 1160 1076 1224 domino
1104 1159 1205 1243 magis
1229 1160 1313 1224 exhi-

170 1265 258 1346 bere,
294 1266 499 1349 praebeamus
534 1267 669 1331 inimico.
715 1271 747 1331 et
776 1266 902 1348 quidem
932 1265 959 1330 si
989 1265 1058 1346 quis
1089 1263 1245 1329 uiolentus
1277 1282 1313 1329 ae

169 1374 355 1452 praepotens
382 1370 498 1453 aliquid
522 1372 559 1434 de
581 1372 730 1436 facultate
753 1374 862 1434 nostra
877 1388 912 1434 ae
935 1369 1124 1454 proprietate
1146 1369 1311 1452 rapuisset,

168 1491 272 1538 nonne
293 1475 422 1558 dignum
446 1493 570 1540 summo
587 1476 655 1541 odio
671 1476 866 1563 duceremus,
889 1492 992 1539 nonne
1016 1473 1126 1538 merito
1148 1477 1311 1555 tamquam
1340 1503 1364 1542 to

167 1577 291 1642 hostem
316 1579 564 1644 detestaremur?
603 1583 635 1644 et
657 1598 717 1662 quo
739 1580 868 1644 tandem
890 1579 994 1643 animo
1017 1577 1139 1643 diabolo
1160 1596 1217 1659 per
1238 1597 1311 1660 peo-

167 1685 274 1746 oatum
303 1683 526 1764 consentimus,
555 1685 608 1766 qud
635 1683 724 1749 nobis
753 1683 964 1748 substantiam
991 1699 1053 1746 non
1081 1682 1151 1745 uult
1177 1683 1309 1764 auferre,

167 1787 221 1850 sed
244 1785 353 1867 uitam,
377 1805 439 1852 non
455 1791 571 1853 terram
594 1789 748 1869 fraudare,
772 1788 827 1852 sed
849 1787 983 1867 eaelum,
1006 1804 1068 1851 non
1084 1785 1163 1850 fines
1186 1805 1310 1871 posses-

166 1890 263 1955 sionis
279 1897 458 1975 angustare,
482 1893 537 1956 sed
559 1892 680 1956 infinita
702 1892 805 1975 spatia
827 1891 1042 1965 aeternitatis?
1077 1892 1158 1956 inter
1180 1891 1268 1972 haee,
1291 1910 1309 1956 o

166 1994 270 2076 homo,
295 1995 321 2060 si
337 1997 520 2079 dignitatem
544 1997 684 2062 faoturae
707 2000 790 2078 tuae,
814 1997 840 2062 si
861 1997 1012 2079 pietatem
1035 1995 1119 2060 eirea
1140 1999 1170 2060 te
1190 1996 1309 2061 domini
1336 2027 1360 2064 15

165 2099 212 2163 tui
234 2100 370 2166 uolueris
394 2101 559 2167 aestimare
576 2102 614 2166 de
636 2102 746 2184 pretio,
769 2101 887 2184 poteris
903 2119 966 2165 non
982 2100 1125 2165 dubitare
1141 2101 1179 2164 de
1201 2119 1307 2185 regno.

208 2204 300 2285 Illud,
323 2206 435 2270 fratres
451 2207 614 2288 carissimi,
637 2207 718 2289 qnod
734 2206 782 2270 die
804 2207 896 2270 tertia
911 2205 1036 2287 nuptias
1058 2205 1157 2269 saetas
1173 2205 1204 2268 in
1222 2205 1309 2270 (lana

125 2376 129 2384 ,
163 2307 324 2374 Galilaeae
348 2314 379 2375 et
395 2313 475 2394 qnod
500 2329 613 2394 aquarn
637 2313 669 2376 in
684 2311 758 2376 nina
781 2328 967 2376 eonnersam
989 2310 1085 2374 luisse
1108 2310 1210 2389 modo,
1233 2329 1306 2375 enm

163 2414 364 2497 euangelium
394 2417 561 2500 legeretur,
592 2416 781 2496 audiuimus,
812 2415 990 2495 uideamus,
1021 2433 1101 2497 qnae
1132 2419 1205 2479 sunt
1234 2415 1306 2480 illae

162 2518 299 2600 nuptiae.
352 2520 403 2584 hio
434 2521 602 2602 adquisitio
632 2521 682 2584 uel
716 2519 872 2604 reparatio
903 2523 1011 2585 nostra
1039 2519 1121 2584 uotis
1153 2522 1185 2584 et
1217 2520 1305 2586 festis
1332 2549 1358 2587 ao

161 2621 355 2704 nuptialibus
372 2624 615 2705 demonstratur,
640 2625 721 2690 sieut
741 2626 773 2688 in
794 2625 854 2689 alio
876 2625 943 2689 loeo
964 2642 1036 2688 oum
1052 2626 1145 2690 ohoro
1168 2628 1200 2689 et
1220 2644 1305 2707 sym-

161 2726 280 2810 phonia
302 2729 420 2792 reditus
443 2728 499 2792 tilii
522 2729 651 2794 iunioris
675 2730 834 2813 excipitur.
881 2747 935 2793 sex
951 2732 1057 2793 autem
1081 2729 1208 2812 hydriae
1232 2734 1306 2795 sunt

162 2850 215 2894 sex
239 2832 347 2896 mundi
370 2833 463 2897 huius
480 2836 610 2914 aetates
633 2835 734 2917 prima
757 2833 796 2898 ab
808 2833 914 2898 Adam
936 2853 1034 2915 usque
1050 2834 1090 2898 ad
1104 2832 1181 2915 Noe,
1204 2835 1304 2901 aNoe

161 2953 259 3016 usque
287 2935 326 3000 ad
353 2934 530 3018 Abraham,
564 2938 602 3001 ab
625 2937 790 3002 Abraham
816 2955 915 3019 usqne
943 2938 982 3001 ad
1008 2938 1126 3018 Dauid,
1157 2956 1176 3002 a
1202 2939 1305 3031 Dauid

160 3057 259 3121 usqne
282 3041 314 3104 in
337 3043 644 3126 transmigrationem
660 3042 840 3124 Babylonis,
864 3061 883 3106 a
906 3043 1180 3126 transmigratione
1200 3043 1304 3127 Baby·
1330 3072 1356 3111 ss

158 3143 240 3208 lonis
263 3162 363 3226 usque
390 3147 428 3210 ad
459 3146 631 3212 Iohannem
654 3145 836 3230 baptistam
883 3147 996 3229 quibus
1025 3148 1217 3230 temporibus
1240 3167 1302 3213 non

160 3247 260 3312 defuit
281 3235 444 3333 prophetia
474 3251 511 3314 de
539 3251 674 3332 Christo,
696 3270 751 3334 per
774 3271 852 3333 quas
876 3253 952 3316 insti
978 3252 1112 3336 figuram
1139 3256 1170 3316 et
1192 3255 1301 3335 typum

159 3352 276 3417 domini
299 3355 523 3437 praetulerunt.
569 3357 696 3439 oapiunt
723 3375 798 3422 uero
822 3360 972 3421 metretas
994 3357 1085 3422 binas
1108 3358 1159 3422 uel
1185 3361 1301 3439 ternae,

203 3591 216 3643 l
237 3589 334 3658 terras]
353 3607 421 3659 potae
439 3597 588 3660 argutantur
605 3593 683 3661 apud
700 3593 858 3648 Maximum
875 3594 954 3662 infra
967 3596 1072 3662 pato,
1084 3598 1117 3646 11
1136 3594 1213 3662 apud
1224 3593 1300 3648 Fau·

157 3683 229 3731 atam
247 3677 374 3746 leputatur
425 3678 602 3732 deondieitio
622 3681 651 3733 D
703 3679 839 3735 3remedi
858 3681 887 3734 D
940 3679 1157 3749 dampnabuntur
1169 3682 1206 3745 D,
1223 3681 1300 3750 impii

157 3763 220 3816 add.
241 3763 312 3834 Aug.
376 3763 586 3819 tredemuntur
603 3767 640 3834 D,
658 3767 696 3835 pii
715 3767 780 3822 add.
798 3769 870 3837 Aug.
929 3765 1092 3822 6diabulus
1115 3769 1145 3822 D
1205 3769 1300 3837 8pro-

157 3847 335 3920 hemurAup.
389 3850 531 3907 uiolentius
545 3855 574 3908 D
628 3857 661 3910 10
674 3853 840 3925 ἀυΉοςτοηιιιε
854 3857 883 3909 D
937 3858 966 3910 1]
982 3853 1090 3934 diabulo
1103 3855 1133 3908 D
1180 3858 1213 3911 13
1226 3854 1299 3908 frau-

158 3934 217 3990 dere
241 3938 270 3991 D
325 3939 526 4008 14003111101)
581 3944 611 3997 17
631 3941 735 3995 chanan
754 3943 796 3996 D*
842 3946 873 3998 18
892 3943 956 3996 uina
973 3944 1073 4012 scripsi
1090 3944 1149 3998 roll.
1158 3961 1188 4013 p.
1201 3947 1261 4012 250,
1273 3949 1298 4011 3,

157 4022 218 4076 uiuo
237 4025 274 4092 D,
293 4024 387 4079 uinum
405 4028 477 4096 Aug.
551 4029 583 4083 19
602 4029 762 4097 euuangelir'r
781 4031 811 4084 D
880 4028 926 4082 ille
944 4029 974 4084 D
1043 4032 1075 4084 21
1101 4029 1252 4098 simphonia
1270 4030 1298 4083 D

156 4111 188 4164 23
206 4111 286 4165 etatis
304 4112 335 4166 D
386 4113 615 4182 prima-Christo
633 4133 683 4171 om.
704 4119 774 4186 Aug.
834 4119 868 4171 24
887 4116 963 4171 dauit
980 4117 1005 4183 all
1024 4115 1099 4170 danit
1116 4118 1146 4171 D
1201 4120 1233 4172 25
1252 4115 1297 4170 ba-

156 4194 250 4250 bilonis
269 4199 300 4252 D
316 4205 429 4270 satrapae
448 4202 504 4260 loeo
558 4203 822 4274 transmigrationem
841 4206 871 4260 D
922 4206 957 4262 26
974 4203 1095 4258 babtista
1109 4205 1138 4258 D
1189 4206 1223 4261 28
1242 4219 1296 4260 rue-

157 4275 231 4364 tn’es
250 4313 281 4370 1)
