3100 4892
244 413 288 477 60
707 414 728 468 1.
748 414 792 467 ne
808 414 916 482 graus
954 396 957 403 ’

242 590 460 655 accedentibus
481 590 617 655 mitescit
635 590 777 675 flagellis,
800 590 1015 655 recedentibus
1040 592 1208 656 insolescit.
1248 610 1381 676 agnosce

241 697 396 760 rationem
422 695 636 761 obdurationis
664 700 696 760 et
718 698 784 760 uim
808 697 948 780 propriae
974 697 1155 761 uoluntatis.
1200 696 1382 762 Hebraeum

240 802 400 883 populum,
424 818 516 882 quem
541 800 644 884 egredi
663 819 719 883 pro
742 801 880 883 inposita
902 800 962 865 sibi
985 802 1169 865 contritione
1189 819 1272 865 nuuc
1291 818 1381 885 prae-

241 908 317 990 cipit
337 911 368 971 et
386 926 442 990 pro
457 908 620 991 plagarum
643 907 854 971 moderatione
874 925 957 971 nunc
972 905 1127 990 prohibet,
1151 906 1189 970 ad
1206 910 1379 971 extremum

202 1039 216 1076 s
240 1011 493 1077 incumbentibus
514 1012 616 1095 plagis
637 1013 731 1075 etiam
749 1012 881 1075 festinus
903 1011 988 1075 abire
1004 1016 1151 1095 perurget
1171 1014 1202 1075 et
1222 1012 1379 1095 conpellit.

241 1136 303 1182 non
327 1135 399 1200 ergo
422 1117 585 1180 induratur
604 1118 635 1179 in
660 1116 760 1180 multa
783 1117 830 1180 dei
850 1116 999 1199 potentia,
1023 1117 1077 1179 sed
1099 1118 1295 1199 contemptor
1315 1116 1381 1180 eili-

240 1223 320 1286 citur
336 1222 368 1285 in
389 1222 490 1285 multa
509 1221 558 1283 dei
578 1221 739 1303 patientia
780 1220 912 1302 denique
932 1222 1013 1284 inter
1028 1222 1165 1285 alternas
1181 1221 1266 1284 uices
1288 1221 1381 1285 casti-

239 1325 375 1409 gationis
396 1328 427 1388 et
446 1326 637 1388 remissionis
652 1324 828 1407 flagellatus
848 1324 1039 1405 humiliatur,
1061 1325 1221 1389 exauditus
1243 1326 1380 1409 erigitur,

239 1430 389 1494 liberatus
419 1430 560 1509 insultat,
591 1428 725 1492 afflictus
756 1428 953 1512 obtemperat
983 1433 1014 1493 et
1047 1428 1126 1494 filios
1158 1430 1272 1509 Israel,
1304 1447 1380 1511 quos

191 1561 214 1599 10
240 1538 312 1618 post
338 1534 491 1597 decimam
518 1535 645 1617 plagam
673 1534 814 1597 emisisse
842 1534 1052 1617 cognoscitur,
1083 1534 1121 1597 ad
1145 1534 1281 1617 primam
1309 1553 1381 1598 enm

241 1639 383 1702 emittere
410 1638 548 1720 potuisse
576 1638 723 1701 uoluntas
750 1642 910 1720 postrema
941 1641 1081 1702 testatur.
1137 1643 1168 1701 et
1198 1658 1270 1702 cum
1301 1640 1382 1703 inter

241 1742 359 1805 medias
394 1742 603 1824 correptiones
637 1741 834 1824 profiteatur:
873 1743 995 1806 iustus
1029 1760 1082 1822 eS,
1116 1742 1275 1822 domine,
1316 1761 1381 1826 ego

240 1865 327 1911 nero
351 1851 386 1910 et
409 1847 568 1928 populus
594 1865 696 1909 meus
724 1847 844 1929 impii,
873 1864 934 1911 non
959 1865 992 1910 se
1015 1864 1033 1910 a
1056 1847 1123 1926 deo,
1151 1846 1205 1910 sed
1229 1864 1247 1910 a
1269 1848 1382 1911 uolun-

240 1956 303 2014 tate
327 1951 452 2034 propria
474 1951 681 2034 deprauatum
703 1952 911 2015 conscientiae
939 1970 1013 2015 suae
1041 1951 1130 2014 testis
1159 1950 1304 2014 ostendit.
1352 1956 1382 2014 et

189 2082 214 2121 rs
240 2059 274 2119 tu
297 2055 390 2118 deum
410 2055 493 2119 circa
507 2056 703 2119 Pharaonem
724 2056 837 2118 durum
857 2056 906 2119 uel
928 2055 1068 2136 iniquum
1088 2055 1186 2118 inisse
1205 2056 1380 2137 praesumis

240 2178 392 2239 asserere,
419 2178 513 2240 quem
539 2160 621 2223 circa
648 2178 681 2222 se
709 2160 827 2223 iustum
855 2164 885 2221 et
912 2160 997 2242 pium
1026 2160 1092 2241 ipse
1120 2160 1290 2241 sacrilegus
1317 2176 1380 2223 nou

238 2264 339 2345 potuit
362 2263 541 2347 abnegare?

281 2368 431 2432 inmitem
465 2369 558 2432 deum
589 2369 784 2433 Christianus
817 2388 885 2433 esse
916 2369 1130 2449 conqueritur,
1165 2386 1258 2449 quem
1292 2369 1380 2451 pium

239 2473 334 2536 etiam
364 2474 478 2555 impius
509 2472 694 2537 confitetur?
742 2473 801 2537 hoc
833 2492 906 2556 ergo
938 2474 1004 2556 agit
1034 2474 1066 2536 in
1096 2473 1277 2537 hominibus
1310 2490 1380 2537 cae·

185 2604 211 2643 so
236 2577 325 2640 lestis
348 2578 578 2641 misericordiae
602 2578 804 2660 dispensatio,
833 2578 914 2661 quod
941 2579 973 2641 in
1001 2578 1091 2641 terris
1118 2578 1242 2660 pluuias
1272 2596 1380 2661 super·

237 2681 394 2745 uenientis
422 2681 547 2745 inlusio.
584 2682 622 2744 ad
651 2682 766 2764 copiosi
795 2681 904 2745 imbris
932 2682 1091 2764 inlapsum
1118 2682 1220 2745 cultus
1248 2684 1279 2744 et
1307 2682 1378 2746 edo-

237 2785 333 2850 mitus
356 2804 464 2867 cespes
488 2785 712 2867 multiplicatur
740 2787 917 2868 germinum
940 2784 1075 2867 fetibus,
1101 2779 1220 2849 uerum
1241 2786 1377 2849 incultus

238 2893 269 2953 et
295 2890 408 2953 cmdns
435 2890 598 2953 inutilibus
621 2888 727 2953 herbis
754 2891 893 2971 repletur
917 2894 949 2954 et
976 2889 1133 2970 sentibus,
1160 2906 1197 2953 ac
1224 2890 1269 2953 sic
1297 2908 1377 2954 unns

236 2993 381 3075 idemque
409 2993 509 3057 imber
532 2994 609 3057 duas
636 3012 685 3057 res
713 2994 852 3058 diuersas
881 2998 973 3076 atque
1001 2994 1172 3058 contrarias
1199 2994 1286 3058 iuxta
1313 2996 1377 3058 cnl-

185 3124 210 3165 ss
237 3102 326 3162 turae
349 3101 403 3161 ant
425 3098 565 3161 studium
588 3103 733 3179 operatur
756 3102 811 3162 aut
833 3098 961 3179 uitium,
994 3098 1075 3162 siout
1100 3099 1249 3181 legimus:
1278 3101 1378 3162 terra

238 3203 335 3267 enim
358 3220 466 3283 saepe
489 3203 706 3267 uenientem
729 3222 841 3285 snper
864 3222 901 3267 se
924 3203 1056 3267 bibens
1079 3202 1235 3267 imbrem
1263 3204 1298 3267 et
1320 3221 1377 3285 ge-

237 3324 372 3371 nerans
394 3305 547 3370 herbam
571 3311 794 3389 oportunam
817 3308 912 3387 illis,
940 3306 1114 3388 aquibus
1139 3307 1295 3387 colitur,
1324 3324 1377 3371 ac·

237 3412 330 3493 cipit
359 3410 661 3474 benedictionem
690 3430 708 3475 a
739 3412 813 3475 deo.
863 3412 1058 3495 proferens
1094 3415 1215 3475 autem
1250 3411 1377 3493 spinas

237 3534 279 3579 ac
306 3514 468 3579 tribulos
491 3515 651 3598 reproba
678 3520 735 3580 est
762 3520 799 3580 et
825 3515 1040 3580 maledictio
1063 3515 1244 3598 proxima,
1272 3516 1376 3579 cuius

341 3668 385 3738 12]
404 3667 485 3722 uxot.
498 3672 523 3733 9,
536 3671 576 3724 27.
632 3670 677 3739 25]
696 3670 779 3724 Hebr.
794 3674 817 3734 6,
831 3672 854 3725 7.

279 3819 292 3873 1
312 3815 428 3871 mitescit
445 3818 552 3886 scripsi,
571 3818 644 3871 mitis
662 3821 689 3871 et
707 3818 741 3886 P,
760 3817 912 3871 mitioribus
931 3822 991 3873 eto
1056 3816 1206 3872 recentibus
1224 3834 1241 3873 o
1305 3818 1375 3871 inso-

232 3904 305 3959 lisoit
323 3906 351 3958 P
401 3904 562 3959 2hebreum
581 3906 608 3959 P
659 3905 766 3960 5ahire
784 3909 910 3973 perurget
928 3910 955 3958 et
972 3905 1101 3975 conpellit
1119 3906 1226 3975 scripsi,
1250 3906 1375 3974 perurget

234 3995 261 4045 et
279 3990 352 4045 abire
369 3995 495 4061 perurget
513 3990 639 4061 conpellit
652 3993 684 4061 P,
703 3995 829 4060 perurget
841 3995 867 4045 et
880 3991 952 4045 abire
965 3992 1120 4061 conpellito
1174 3994 1188 4047 7
1206 3990 1337 4061 deniquae
1350 3992 1376 4045 P

144 4112 146 4114 >
234 4077 540 4135 dlsreeliticosoma'seo
553 4094 653 4147 queso
707 4082 739 4133 10
752 4077 825 4147 eum]
840 4095 929 4135 cumo
984 4083 1015 4134 15
1028 4078 1164 4133 faraonem
1177 4079 1205 4133 P
1252 4081 1285 4135 18
1299 4077 1373 4133 chri-

235 4190 348 4259 stianus]
377 4189 515 4245 Christum
542 4212 558 4248 o
627 4191 813 4260 conquaeritur
836 4193 869 4261 P,
897 4192 1068 4260 consequitur
1091 4211 1107 4247 o
1178 4194 1210 4247 19
1233 4158 1272 4245 a'ic
1296 4192 1323 4245 P
1347 4192 1375 4259 (g

233 4295 368 4346 suprascr.
389 4296 459 4332 mon.
477 4279 536 4345 alt.)
606 4282 638 4333 21
663 4278 762 4347 cupiosi
787 4279 815 4332 P
882 4280 916 4334 22
935 4278 1020 4347 cespis
1041 4279 1069 4332 P
1137 4282 1171 4333 21
1189 4278 1329 4346 idemquae
1347 4278 1373 4331 P

235 4367 329 4430 atquae
348 4364 375 4416 P
426 4366 460 4418 26
477 4381 537 4433 sepe
556 4366 583 4418 P
633 4367 666 4419 29
685 4363 828 4419 maledicto
848 4366 875 4419 P
