3100 4892
227 398 289 463 164
662 397 712 451 III.
732 396 883 466 Epistula
902 399 925 451 1.

225 592 297 637 cum
327 573 456 637 minime
481 591 594 656 negare
617 573 785 656 possimus,
818 573 898 655 quod
922 573 1061 636 mandati
1083 572 1367 654 praeuaricatorem

223 680 255 741 in
286 677 390 741 iudicii
420 677 468 741 sui
499 678 726 742 examinatione
754 677 927 741 damnabit,
974 677 1025 759 qui
1048 677 1131 740 enim
1154 694 1215 740 nun
1239 679 1288 739 est
1311 675 1369 740 ob-

223 783 332 847 noxius
362 783 400 845 de
430 786 586 865 suscepto,
617 783 724 846 nescio
747 782 900 865 quomodo
924 801 996 845 reus
1020 782 1120 864 possit
1144 799 1211 845 esse
1234 781 1272 845 de
1295 799 1368 863 per-

223 887 295 952 dito.
346 905 382 950 ac
414 888 458 951 sic
488 890 654 969 peccantes
685 888 717 950 in
748 887 856 966 deum,
891 887 978 950 cuius
1008 887 1040 950 in
1070 885 1179 968 primis
1209 886 1367 949 incautius

184 991 418 1057 sadseruimus
448 992 597 1074 gratiam,
629 991 661 1054 in
691 992 858 1075 postremis
888 991 955 1055 eius
986 989 1162 1054 uidebimur
1191 989 1367 1073 inpugnare

223 1095 387 1159 iustitiam.

265 1200 369 1263 Huius
385 1202 490 1264 autem
507 1199 658 1282 epistulae
683 1199 841 1282 exemplar
864 1217 988 1263 mecum
1011 1201 1136 1264 reteneo
1159 1198 1192 1263 iu
1208 1201 1366 1262 conuentu

224 1310 403 1369 sanctorum
423 1306 617 1384 antestitum,
635 1306 660 1368 si
676 1306 720 1368 ita
735 1322 863 1368 necesse
880 1305 982 1384 suerit,
1005 1302 1234 1387 proferendum.
1270 1321 1366 1384 quam

224 1409 252 1472 si
286 1410 517 1492 suscipiendam
554 1409 712 1493 putauerit
744 1409 924 1473 fraternitas
959 1412 1027 1489 tua,
1065 1412 1120 1473 aut
1153 1407 1366 1491 subscriptam

174 1541 199 1578 ro
227 1531 323 1577 manu
351 1515 475 1597 propria
504 1532 576 1578 mox
606 1514 747 1577 remittat
776 1516 831 1577 aut
862 1512 1065 1595 sequentibus
1093 1513 1215 1596 scriptis
1238 1512 1367 1576 omnino

226 1637 259 1681 so
289 1618 472 1700 inprobasse
499 1619 695 1701 respondeat.
742 1619 851 1700 quodsi
881 1636 950 1682 eam
981 1617 1200 1700 subscriptam,
1231 1621 1265 1681 ut
1295 1617 1367 1696 dixi,

226 1725 439 1787 transmittere
463 1723 610 1802 nolueris,
634 1726 741 1805 aperte
764 1723 865 1786 adhuc
888 1726 919 1787 te
942 1724 974 1786 iu
999 1741 1101 1787 errore
1117 1721 1284 1804 persistere
1299 1721 1368 1803 ipso

224 1827 348 1891 silentio
378 1827 585 1910 conprobabis
615 1845 651 1890 ac
680 1821 808 1910 proinde
838 1828 901 1890 iam
929 1828 1147 1891 necessitatem
1170 1826 1249 1889 milri
1271 1827 1366 1890 facies

225 1933 262 1996 ad
285 1952 453 2015 personam
479 1937 567 1996 tuam
590 1932 720 2015 publicis
744 1930 950 1996 conuentibus
974 1931 1196 2013 exponendam.
1244 1934 1275 1994 et
1298 1931 1365 1993 ideo

173 2061 198 2099 rs
225 2037 396 2100 secundum
428 2037 515 2115 haec,
546 2054 624 2118 quae
648 2054 667 2099 a
690 2055 740 2099 me
771 2039 845 2100 sunt
873 2037 998 2116 directa,
1022 2035 1167 2115 rescribe,
1199 2038 1305 2099 utrum
1329 2051 1365 2098 ea

224 2143 353 2205 remotis
380 2139 614 2204 circuitionibus
638 2144 692 2203 aut
715 2158 866 2223 agnoscas
890 2144 944 2204 aut
967 2158 1104 2222 respuas.

268 2244 445 2327 [Auxanius
469 2245 500 2308 in
525 2244 640 2309 Christi
664 2245 790 2308 nomine
814 2246 977 2326 episcopus
1005 2243 1103 2326 relegi
1127 2247 1158 2307 et

267 2350 403 2414 Faustus
427 2349 585 2432 exemplar
608 2349 758 2431 epistulae
783 2367 871 2412 meae
895 2349 990 2431 relegi
1014 2352 1045 2411 et

268 2455 386 2517 Paulus
410 2453 573 2536 episcopus
598 2453 635 2516 in·
654 2451 769 2517 Christi
795 2453 920 2517 nornine
943 2453 1040 2533 relegi
1064 2456 1097 2514 et

267 2557 435 2640 Eutropius
459 2557 490 2620 in
514 2557 639 2620 nomine
665 2555 781 2620 Christi
805 2557 967 2640 episcopus

265 2662 465 2744 Pragmatius
488 2662 518 2725 in
544 2660 660 2725 Christi
684 2661 774 2743 signo
798 2662 961 2744 episcopus

266 2767 393 2829 Patiens
416 2766 446 2828 in
471 2763 594 2829 Christo
619 2766 781 2847 episcopus

265 2869 432 2934 Eulronius
456 2869 551 2952 relegi
576 2873 607 2933 et
631 2869 803 2933 admiratus
827 2887 897 2932 sum
919 2868 1146 2950 plenitudinem
1171 2873 1313 2932 sanctam

265 2973 444 3057 Megethius
468 2974 630 3056 episcopus
653 2973 749 3056 relegi
773 2977 805 3036 et

266 3077 413 3143 Claudius
437 3079 467 3142 in
491 3080 615 3142 nomine
640 3077 755 3142 Christi
780 3078 942 3160 episcopus
966 3078 1061 3161 relegi
1085 3083 1115 3142 et

268 3182 442 3247 Leucadius
465 3183 497 3246 in
522 3183 646 3246 nomine
671 3181 787 3246 Christi
811 3183 972 3265 episcopus
995 3183 1093 3265 relegi
1116 3187 1148 3246 et

266 3392 283 3444 2
306 3355 580 3456 examinatio'⁰1>(ne
602 3407 674 3444 man.
691 3389 751 3456 alt.)
822 3391 838 3444 3
861 3405 920 3443 reus
943 3406 994 3445 om.
1012 3389 1047 3443 H
1113 3389 1146 3442 de
1167 3405 1303 3459 suprascr.
1324 3390 1365 3444 P²

224 3493 279 3529 esse
301 3476 386 3545 possit
409 3476 549 3530 Boronius
619 3475 729 3531 lsis
798 3475 929 3530 incautius
952 3493 1042 3531 omo
1117 3476 1316 3531 basseruimus
1339 3475 1367 3529 P

224 3562 403 3632 postrimisS
454 3561 643 3617 uidiuimurS
694 3563 840 3632 irateneo]
855 3563 905 3619 PS
955 3561 1198 3632 9subscriptamr,
1216 3561 1364 3632 subscripta

225 3649 258 3715 P,
277 3649 458 3717 susscriptaS
510 3652 540 3704 ll
561 3649 582 3700 si
601 3649 690 3704 onaS
741 3651 773 3704 12
792 3649 927 3703 remittere
941 3650 975 3703 H
1025 3651 1057 3705 14
1075 3648 1237 3718 publicesS
1289 3653 1321 3705 15
1334 3654 1365 3704 ut

224 3736 280 3791 HS
288 3737 442 3791 Knsetius
498 3738 529 3790 16
547 3735 664 3803 remoltis
684 3736 791 3801 δάψαι
810 3753 823 3789 1·
839 3738 871 3790 in
888 3738 955 3803 ras.)
1004 3744 1068 3806 post
1085 3751 1194 3805 respuas
1207 3737 1365 3806 praesumis

220 3823 382 3877 inclusimus
402 3823 485 3876 reerbu
506 3823 538 3875 in
560 3822 587 3874 P
602 3823 659 3876 solo
678 3828 793 3891 exstuat,
815 3825 846 3877 in
870 3825 892 3878 S
913 3841 977 3879 uoce
999 3839 1107 3892 respuas
1129 3841 1192 3894 pap.
1206 3829 1240 3877 48
1259 3825 1364 3892 finitur,

221 3926 290 3978 orror
310 3914 459 3978 separantur
476 3926 541 3977 pop.
560 3911 595 3960 rt‘l
616 3910 808 3977 (srapmcntum
829 3912 939 3981 prolopc'
962 3912 1186 3978 Boudonioiuui)
1209 3928 1268 3966 acm
1291 3917 1364 3965 unte·

221 3997 374 4050 cedestrhus
394 4013 450 4050 uon
476 3998 629 4062 colueram
654 3996 702 4049 sed
719 4013 785 4066 pap,
803 4001 856 4050 328
874 4003 937 4067 post
959 3999 1104 4066 epistolum
1126 3997 1228 4054 Felicis
1250 3998 1289 4052 ud
1310 3998 1363 4052 De-

220 4082 351 4137 sideraum
372 4083 528 4151 episcopum
554 4081 748 4136 Cadurcorum
775 4083 821 4150 (cs.
850 4083 985 4151 Cunisius,
1009 4085 1064 4138 lect.
1086 4089 1141 4138 unt.
1163 4085 1194 4151 V,
1212 4087 1275 4152 551)
1301 4086 1365 4139 baec

222 4176 340 4224 erutum:
362 4169 427 4221 item
450 4167 502 4220 alia
524 4183 605 4220 manu
628 4167 732 4221 faustus
757 4171 849 4238 exemp
869 4169 982 4241 epistule
1002 4187 1074 4223 meae
1098 4170 1214 4238 religi&
1234 4170 1363 4238 subscrip,

222 4272 289 4323 puae
311 4257 348 4310 ud
369 4256 511 4324 epistulam
531 4255 632 4309 Fuuata'
649 4256 729 4310 modo
751 4275 769 4309 a
787 4257 866 4312 uobis
883 4259 1039 4312 recensitum
1056 4259 1202 4326 perinent,
1225 4276 1286 4313 cum
1309 4259 1364 4327 epi·

222 4342 296 4393 stulu
311 4342 414 4396 Inccidi
431 4343 621 4410 adaequatum
637 4343 728 4396 eodem
746 4345 829 4397 uerbo
847 4345 926 4398 habet
944 4345 982 4412 H,
1000 4362 1051 4399 om.
1065 4346 1092 4399 P
1143 4346 1177 4400 24
1195 4345 1322 4414 megillus
1340 4345 1366 4399 P
