3100 4892
609 429 675 484 1111.
695 431 804 485 Sermo
822 433 846 486 3.
1231 427 1295 494 235

160 607 285 672 bonum.
325 608 431 672 audiat
451 625 588 688 nonme,
612 606 666 671 sed
688 608 792 690 ipsum
808 607 969 671 dominnm
984 625 1091 671 suum:
1115 607 1146 671 si
1168 606 1294 686 111111,

159 712 268 794 inquit,
292 729 425 776 munus
448 715 551 776 tuum
574 712 617 776 cd
641 711 763 776 altare
787 714 823 776 et
849 711 900 775 ibi
922 711 1142 775 recordatus
1165 711 1295 793 fueris,

160 816 245 898 quia
268 815 387 880 irater
414 820 501 880 tuns
528 815 641 880 habet
663 815 805 898 aliquid
827 816 1025 879 aduersum
1047 819 1096 896 te,
1123 815 1295 898 relinque

158 919 210 984 ibi
233 939 365 984 munus
388 925 490 984 tuum
511 925 596 984 autc
616 921 734 984 altare
758 924 794 984 et
815 920 909 984 uado
930 921 1035 1002 prius
1057 920 1295 984 reconciliari

159 1025 268 1090 fratri
291 1029 353 1090 tuo
377 1030 413 1090 et
435 1029 523 1090 tune
545 1025 701 1090 ueniens
724 1025 862 1090 offeres
886 1044 1019 1089 munus
1042 1029 1156 1089 tuum.
1186 1027 1295 1089 atnoe
1322 1051 1335 1092 s

158 1148 279 1213 pugnas
301 1128 453 1195 habentes
470 1129 658 1194 intrinsecus
682 1134 713 1194 et
735 1129 821 1195 dolos
844 1131 877 1193 in
900 1128 991 1194 corde
1013 1132 1185 1209 uersantes,
1208 1129 1298 1211 qussi
1334 1147 1338 1157 ·

159 1235 211 1316 qui
234 1233 349 1298 bonam
372 1235 595 1300 conscientiam
618 1234 801 1315 habeamus,
827 1235 1057 1316 praesumimus
1085 1233 1231 1298 accedere
1257 1232 1296 1299 cd

159 1339 256 1403 altare
280 1357 342 1404 non
365 1339 512 1404 timentes
536 1339 623 1419 illud,
648 1338 728 1421 quod
751 1339 902 1420 scriptum
925 1342 986 1402 est:
1013 1339 1075 1421 qni
1098 1338 1298 1405 manducat

159 1461 291 1526 corpus
314 1443 452 1508 domini
479 1448 514 1508 et
541 1443 637 1508 bibit
665 1444 887 1526 sanguinem
910 1443 988 1507 eius
1015 1443 1183 1527 indigne,
1206 1443 1297 1507 indi-

159 1548 254 1612 cium
278 1547 350 1612 sibi
373 1549 572 1612 manducat
595 1550 630 1611 et
651 1547 756 1612 bibit.
1326 1573 1351 1612 ro

201 1651 261 1717 Sed
284 1653 358 1716 dicit
373 1653 498 1735 aliquis:
522 1653 648 1736 grandis
672 1655 721 1716 ost
742 1651 830 1716 labor
852 1651 1014 1716 inimicum
1037 1651 1165 1735 diligere
1189 1655 1221 1716 ct
1242 1670 1297 1736 pro

157 1755 410 1838 persecutoribus
433 1756 617 1838 subplioare.
649 1775 706 1821 nec
729 1775 787 1821 nos
802 1775 964 1840 negemus,
988 1757 1110 1821 iratres.
1143 1775 1205 1821 non
1227 1775 1298 1840 par-

159 1880 216 1926 uus
233 1860 359 1943 quidem
380 1861 469 1925 labor
493 1861 587 1926 estin
611 1862 669 1926 hoc
684 1862 819 1942 saeculo,
843 1861 897 1925 sed
920 1860 1038 1944 grande
1054 1865 1103 1926 est
1124 1861 1299 1945 praemium

159 1965 190 2031 in
218 1966 334 2030 futuro.
370 1985 425 2048 per·
449 1983 586 2030 amorem
611 1967 694 2030 eninr
716 1967 852 2030 hominis
878 1967 994 2030 inimici
1021 1965 1152 2030 efficeris
1179 1966 1299 2030 amicus

161 2070 220 2150 dei,
248 2070 345 2134 immo
372 2087 434 2135 non
463 2072 564 2136 solnm
592 2071 710 2135 amicus
739 2072 793 2134 sed
822 2072 916 2136 etiam
944 2070 1036 2152 filins,
1064 2071 1147 2134 siout
1173 2071 1298 2153 etipse
1326 2095 1351 2136 ιε

161 2175 249 2239 dixit:
277 2174 423 2258 diligite
446 2175 616 2240 inimicos
640 2179 787 2240 uestros
811 2181 843 2240 et
865 2180 977 2240 cetera.
1023 2177 1048 2238 si
1064 2179 1095 2240 te
1108 2175 1221 2256 aliquis
1244 2192 1299 2257 po·

161 2283 230 2343 tens
261 2279 355 2343 homo
386 2283 417 2343 et
444 2279 530 2344 dines
560 2281 591 2344 in
621 2281 680 2344 hoc
707 2281 831 2345 saeculo
861 2281 958 2344 uellet
988 2278 1170 2362 adoptiuum
1199 2279 1299 2343 tilium

161 2383 273 2462 iacere,
302 2384 456 2465 quomodo
480 2385 622 2464 seruires,
651 2403 728 2465 quas
757 2385 987 2468 indignationes
1015 2385 1110 2448 etium
1137 2402 1300 2448 seruorum

162 2487 238 2567 einS,
271 2505 350 2569 qnae
381 2489 507 2552 seruitia
537 2489 705 2553 durissima
736 2493 768 2553 et
797 2489 962 2572 aliquoties
993 2489 1088 2552 etiam
1116 2489 1301 2571 turpissima

162 2592 342 2673 sustineres,
366 2596 402 2656 ut
422 2591 460 2655 ad
483 2592 631 2657 caducam
655 2598 684 2658 et
707 2594 852 2678 fragilem
874 2593 956 2658 illius
979 2593 1157 2675 pemenires
1180 2593 1300 2657 heredi·
1326 2619 1353 2658 eo

163 2699 271 2761 tatem.
310 2695 393 2778 quod
413 2715 485 2780 ergo
505 2697 583 2762 alius
604 2699 737 2762 sustinet
759 2702 887 2782 propter
902 2697 1110 2762 substantiam
1133 2703 1300 2778 terrenam,

163 2805 197 2865 tu
221 2801 339 2865 sustine
362 2805 487 2884 propter
510 2804 609 2866 uitam
633 2807 801 2868 aeternam.
851 2803 1065 2868 conuincimnr
1087 2804 1170 2867 enim
1193 2804 1301 2867 certis·

163 2906 243 2970 sima
257 2907 387 2986 ratione,
411 2907 622 2990 quiapropter
638 2908 731 2972 deum
753 2909 911 2991 possimus
926 2907 1062 2990 quidem,
1086 2907 1141 2970 sed
1155 2907 1300 2971 nolumus

162 3011 308 3074 iniuriam
338 3011 500 3076 sustinere.
546 3013 677 3095 denique
706 3013 731 3076 si
759 3012 862 3095 aliqua
891 3015 1002 3095 potens
1032 3030 1165 3093 persona
1194 3015 1302 3076 contra

163 3132 220 3178 nos
247 3115 392 3180 iniuriam
420 3115 527 3197 iaciat,
557 3118 583 3180 si
611 3118 705 3182 etiam
733 3135 790 3183 nos
816 3119 848 3181 in
875 3117 988 3181 faciem
1015 3118 1097 3181 malo
1124 3116 1216 3197 dicat,
1244 3135 1301 3181 nee
1328 3141 1354 3182 rs

162 3220 349 3303 respondere
379 3221 494 3303 aliquid
525 3241 685 3305 asperum,
720 3241 783 3286 non
813 3223 914 3286 dicam
943 3223 1046 3286 uicem
1075 3221 1203 3286 reddere
1233 3222 1301 3286 ausi

164 3341 284 3388 sumus.
321 3343 417 3407 quare
439 3326 519 3390 hoc?
556 3346 595 3390 ne
619 3327 657 3390 ab
681 3327 734 3391 illa
755 3345 889 3408 persona
910 3331 1037 3410 potente
1061 3327 1161 3391 adhuc
1184 3327 1303 3390 maiora

164 3447 259 3510 quam
286 3429 472 3513 pertulimus
499 3431 665 3515 patiamur.
711 3432 793 3514 qnod
820 3430 951 3496 anobis
979 3434 1141 3513 extorquet
1167 3431 1301 3496 hominis

269 3637 295 3707 1]
314 3637 410 3692 Metu.
424 3641 448 3704 5,
462 3640 503 3694 23.
557 3639 586 3709 8]
606 3642 619 3695 l
639 3639 698 3696 Cor.
713 3641 753 3704 11,
766 3641 808 3695 29.
865 3640 909 3710 lo]
927 3639 1024 3694 maten.
1038 3643 1061 3706 5,
1075 3641 1123 3704 44;
1141 3639 1205 3693 Luc.
1220 3641 1244 3703 6,
1259 3640 1301 3693 27.

211 3837 332 3894 11111111
349 3840 379 3893 D
436 3838 566 3908 2inquid
583 3842 613 3895 D
664 3841 927 3895 411111111111111)1
985 3805 1108 3895 tolleris
1126 3841 1156 3894 D
1217 3836 1252 3891 cd
1273 3840 1302 3893 D

164 3925 275 3982 odorus
294 3927 323 3981 D
377 3927 591 3996 ipsummimus
605 3930 634 3982 D
681 3928 842 3982 cocidereD
896 3931 925 3984 ll
947 3927 1054 4007 alijlquis
1070 3929 1099 3982 D
1146 3925 1302 3993 dilegereD

166 4015 198 4068 12
220 4029 335 4082 paruum
358 4015 387 4068 D
450 4017 482 4071 13
506 4012 596 4068 labore
616 4016 644 4069 D
711 4015 843 4084 premium
867 4016 896 4069 D
964 4013 1143 4083 1711111111)
1204 4012 1238 4066 ad
1256 4011 1301 4065 ob·

164 4125 236 4180 timui
253 4129 283 4182 D
339 4129 373 4182 20
392 4094 530 4181 sustineris
549 4129 578 4181 D
631 4127 774 4196 1111111111ΜΕ
792 4129 862 4194 (erat
885 4127 941 4182 eius
962 4130 994 4182 irs
1015 4129 1082 4196 rac.)
1100 4129 1130 4181 D
1186 4129 1219 4182 22
1240 4140 1302 4194 pro·

164 4213 376 4282 pter-sustine
403 4215 433 4268 D
459 4215 589 4283 infmia
612 4233 695 4284 marp.
772 4216 807 4270 24
828 4221 891 4270 onte
918 4215 1047 4268 sustinere
1073 4231 1199 4269 rosarum
1224 4215 1302 4268 babet

165 4301 203 4369 D,
223 4303 255 4356 ire
276 4319 331 4370 gara
354 4300 436 4356 faciat
458 4307 515 4356 erut
576 4303 610 4356 26
637 4300 763 4370 1111111111
787 4303 816 4356 D
843 4303 912 4368 (erat
943 4318 971 4355 re
992 4303 1023 4355 ia
1039 4303 1105 4368 rar.)
1176 4301 1246 4354 aussi
1264 4302 1302 4381 ⁸D

166 4387 261 4457 arne]
281 4389 347 4443 111)
393 4391 427 4444 28
443 4386 584 4458 ptullimus
604 4389 632 4443 D
