3100 4892
588 442 685 497 Liber
701 442 716 497 I
735 444 844 499 14-16.
1243 442 1286 507 49

148 618 370 697 moriuntur,
401 618 453 681 ita
480 618 515 681 in
543 616 692 683 Christo
723 636 849 682 omnes
881 616 1200 682 uiuifieabumtur?
1235 617 1287 681 hio

147 722 203 785 diei
226 740 289 786 nou
312 725 418 803 potest
439 740 494 805 pro
517 725 606 804 parte
629 726 740 787 totum.
780 740 854 785 nam
883 722 964 785 siout
991 738 1063 805 pars
1090 722 1193 805 prima
1215 740 1286 785 sen-

147 826 262 890 tentiae
286 843 413 889 omnes
435 826 472 889 in
494 825 612 890 Adam
635 827 728 889 mori
752 825 914 890 euidenter
934 826 1080 905 ostendit,
1106 826 1173 889 sine
1194 824 1287 890 dubio

146 930 211 1008 hoo,
227 930 311 1011 quod
323 931 476 1010 sequitur:
490 930 526 993 in
540 929 689 994 Christo
702 949 828 995 omnes
846 929 1157 1009 uiuifioabuntur,
1174 930 1287 994 nihilo·

146 1034 249 1097 minus
281 1034 321 1097 ad
352 1052 461 1098 omnes
491 1035 523 1097 in
554 1033 678 1098 Christo
708 1033 913 1099 uiuifioandos
945 1052 1007 1099 non
1038 1053 1073 1098 ex
1103 1038 1200 1117 parte,
1232 1034 1286 1098 sed
1326 1059 1338 1098 ⁵

146 1137 329 1220 generaliter
361 1138 516 1220 pertinere
546 1139 706 1221 apostolus
736 1138 900 1219 indicauit,
932 1138 963 1202 id
994 1143 1042 1203 est
1071 1139 1166 1203 otiam
1197 1138 1286 1221 impii

145 1261 196 1323 per
220 1241 372 1305 uirtutem
395 1243 629 1306 resurrectionis
647 1241 762 1307 Christi
784 1242 992 1306 resuscitandi
1015 1261 1084 1307 esse
1107 1243 1285 1321 ereduntur,

145 1348 216 1411 lieet
240 1348 335 1412 etiam
358 1366 420 1413 non
443 1349 610 1429 indioandi,
634 1349 688 1412 sed
708 1350 858 1431 puniendi
880 1352 1056 1433 resurgant.
1087 1368 1159 1413 oum
1180 1352 1286 1413 autem

147 1453 305 1533 apostolus
334 1451 433 1516 dieat:
461 1454 528 1535 qui
557 1456 620 1517 est
646 1454 833 1518 saluator
860 1454 1037 1517 omnium
1064 1453 1285 1533 hominurn,

146 1556 301 1618 maxime
325 1556 512 1635 fidelium,
536 1556 619 1637 quod
641 1557 717 1620 dixit
740 1558 902 1625 omnium
924 1558 1129 1636 hominum,
1153 1557 1191 1621 ad
1215 1575 1286 1639 pro·
1314 1582 1338 1621 m

147 1661 280 1742 positum
304 1659 428 1725 diuinae
450 1660 599 1725 bonitatis
623 1662 750 1744 aspexit.
791 1662 872 1744 quod
900 1666 1005 1727 autem
1032 1662 1108 1726 dixit
1131 1662 1286 1725 maxime

147 1764 331 1845 fidelium,
355 1765 425 1829 illos
448 1766 507 1830 hoe
528 1767 596 1830 loeo
619 1767 836 1849 pronuntiauit
859 1771 952 1849 atque
976 1767 1124 1847 distinxit,
1153 1768 1205 1848 qui
1232 1785 1286 1850 per

148 1868 249 1950 fidem,
272 1889 327 1951 per
349 1869 588 1952 oboedientiam,
611 1891 665 1955 per
681 1872 838 1936 subditam
862 1874 1058 1937 uoluntatem
1082 1872 1286 1955 redemptoris

147 1992 275 2038 munera
298 1978 510 2056 susceperunt.

185 2078 247 2141 Pro
271 2079 425 2142 uniuersis
453 2083 559 2143 autem
587 2081 712 2144 uenisse
743 2080 902 2146 Christum
932 2082 1015 2145 idem
1047 2081 1206 2162 apostolus
1234 2080 1287 2143 de·
1316 2102 1340 2142 m

148 2182 257 2246 clarat:
281 2182 436 2262 caritas,
459 2183 571 2265 inquit,
596 2183 737 2248 Christi
760 2189 869 2268 urget
891 2202 956 2250 nos
977 2184 1188 2249 iudicantes
1208 2184 1287 2264 hoe,

149 2287 335 2367 quoniam,
352 2287 383 2351 si
399 2306 494 2351 unus
509 2306 574 2371 pro
590 2288 762 2352 omnibus
780 2293 948 2353 mortuus
966 2293 1037 2369 est,
1058 2307 1144 2372 ergo
1161 2305 1287 2351 omnes

149 2392 282 2455 mortui
310 2394 407 2455 sunt.
444 2395 481 2455 ot
506 2410 571 2475 pro
599 2393 770 2457 omnibus
799 2397 966 2457 mortuus
997 2396 1069 2473 est,
1097 2396 1137 2456 ut
1164 2392 1288 2472 etqui

150 2496 280 2560 uiuunt
302 2496 378 2559 iam
405 2514 477 2559 non
504 2494 753 2577 sibi'uiuaut,
785 2498 848 2561 sed
879 2499 925 2577 ei,
957 2496 1020 2580 qui
1043 2514 1107 2578 pro
1134 2496 1228 2578 ipsis
1252 2498 1288 2559 et

151 2603 313 2663 mortuus
337 2604 394 2663 est
417 2604 452 2664 et
474 2602 689 2666 resurrexit.
729 2602 803 2683 quia
826 2621 898 2685 ergo
921 2600 1108 2665 resurreetio
1131 2600 1287 2684 generalis
1315 2624 1341 2663 ro

150 2702 187 2766 ad
209 2705 361 2768 uirtutem
383 2705 520 2787 pertinet
541 2705 775 2789 redemptionis,
800 2706 827 2769 si
849 2706 1021 2789 redemptio
1045 2723 1105 2770 non
1123 2704 1162 2768 ad
1179 2722 1287 2769 omnes

149 2810 288 2889 pertinet,
320 2827 378 2872 nee
409 2809 447 2873 ad
477 2827 585 2873 omues
615 2811 801 2874 resurreetio
831 2810 1009 2893 pertinebit.
1057 2813 1085 2874 et
1116 2810 1184 2873 ideo
1215 2810 1288 2890 quia

150 2913 228 2976 siout
243 2931 371 2977 omnes
391 2932 644 2997 resurgemnS,
665 2914 757 2978 lieet
772 2933 843 2979 non
859 2932 985 2979 omnes
1001 2913 1286 2992 inmutabimur,

149 3014 193 3078 ita
215 3015 374 3081 dominum
397 3016 629 3101 redemptorem
651 3037 724 3082 oum
746 3020 901 3103 genera-lis
933 3018 1162 3083 misericordiae
1192 3017 1287 3080 bone-

148 3117 217 3182 1010
248 3121 372 3185 uenisse
403 3124 566 3201 testamur,
599 3123 658 3186 etsi
681 3123 758 3186 illud
781 3122 958 3203 infidelitas,
989 3123 1061 3205 quia
1084 3123 1193 3201 noluit,
1224 3139 1286 3185 non
1314 3142 1339 3181 m

148 3224 270 3305 reeepit.
309 3243 383 3288 nam
407 3225 500 3288 deum
524 3226 663 3307 quolibet
685 3230 825 3311 tempore
849 3228 901 3310 qui
924 3228 1079 3309 quaesiuit
1102 3226 1222 3290 inuenit
1245 3230 1286 3304 ot,

149 3328 201 3408 qui
220 3329 376 3393 inuenisse
397 3348 460 3394 non
482 3331 569 3394 uisus
594 3334 651 3411 est,
675 3350 736 3395 nou
762 3332 926 3413 quaesiuit.
973 3331 1113 3413 quodsi,
1138 3330 1287 3412 quomad-

148 3432 274 3495 modum
303 3434 438 3515 abrupta
467 3433 668 3517 blasphemat
696 3436 853 3518 impietas
884 3436 938 3499 alii
968 3435 1007 3498 ad
1038 3437 1171 3499 mortem
1198 3452 1288 3517 prae·

148 3536 289 3618 ordinati,
312 3539 366 3601 alii
387 3538 610 3621 praedestinati
633 3539 780 3603 uidentur
803 3540 842 3603 ad
865 3540 974 3619 uitam,
998 3538 1119 3603 nullam
1144 3537 1286 3602 Christus

148 3641 292 3705 neuiendi
315 3660 454 3721 eausam,
485 3643 604 3706 nuliam
627 3643 790 3723 moriendi,
819 3661 913 3725 quam
944 3644 1043 3726 pietas
1068 3644 1133 3706 eius
1156 3642 1285 3721 inuenit,
1313 3664 1339 3703 eo

148 3744 259 3808 habuit
279 3746 509 3810 necessitatem.

253 3901 278 3970 0]
298 3905 310 3958 1
331 3899 400 3955 rim.
414 3904 440 3966 4,
454 3903 493 3957 10.
550 3900 593 3971 ro]
612 3905 630 3957 a
648 3902 706 3955 cor.
720 3904 744 3964 5,
760 3903 799 3957 14.
854 3902 900 3971 aa]
922 3904 934 3957 1
955 3902 1013 3959 eor,
1029 3904 1068 3966 15,
1084 3904 1124 3957 51.

188 4040 403 4095 3moriunturv
455 4039 708 4096 5uiuificandusP
758 4040 822 4095 oid
840 4042 892 4111 est]
911 4041 992 4095 iidem
1005 4060 1021 4096 o
1075 4044 1104 4097 11
1119 4040 1247 4093 maximae
1261 4039 1288 4093 P

148 4130 180 4181 12
198 4129 292 4194 atquae
309 4129 336 4183 P
388 4126 512 4181 ditinexit
523 4128 557 4195 P,
576 4126 746 4183 distrinxitv
799 4130 832 4183 14
850 4128 1018 4197 susciperunt
1036 4129 1063 4183 P
1116 4130 1146 4183 15
1166 4126 1226 4193 ideisi!
1244 4128 1285 4193 (in

147 4231 248 4270 raam
264 4216 485 4279 mutaretor>
538 4214 640 4285 18est]
659 4215 898 4271 chrismando
956 4219 989 4272 19
1008 4219 1034 4269 et
1051 4234 1137 4270 omo
1193 4216 1227 4268 23
1245 4228 1285 4265 re-

148 4301 281 4369 surgimus
297 4303 325 4357 P
388 4304 422 4357 24
440 4302 618 4357 redemtorem
636 4304 665 4357 P
734 4305 766 4358 27
787 4302 1021 4371 quemammodum
1040 4304 1067 4356 P
1129 4303 1163 4357 29
1181 4299 1285 4369 praedi-

148 4387 285 4442 stinatiP

197 4482 253 4524 111.
268 4482 336 4525 Fumi.
1113 4479 1130 4526 4
