3100 4892
599 459 841 528 Prolegomena
1193 458 1292 512 XXXV

155 637 262 719 gratia,
287 637 339 700 fol.
356 635 585 700 6“-41ἰῑὴει
608 637 737 718 primus,
762 635 814 701 Iol.
830 634 887 697 41¹
904 636 1041 718 capitula
1061 633 1133 699 libri
1153 635 1291 716 secundi,

154 741 205 804 iol.
220 738 380 802 till—69u
402 741 481 804 liber
504 741 667 804 secundus.

196 843 341 908 Codicem
372 844 559 926 quibusdam
587 845 661 908 locis
689 844 816 927 grauirm
844 844 1067 908 detrimentum
1094 845 1213 928 cepisse
1240 843 1292 908 nel

152 949 255 1032 potius
280 950 484 1031 archetypum
500 948 597 1012 fuisse
613 949 797 1013 lacunosum
814 951 868 1012 aut
884 949 1085 1031 neglegenter
1101 949 1291 1031 descriptum

153 1071 223 1116 cum
243 1071 279 1115 ex
299 1054 506 1136 capitulorum
525 1052 678 1116 indicibus
698 1071 769 1116 cum
787 1053 863 1134 ipsis
879 1053 1020 1135 opusculi
1036 1054 1190 1136 capitibus
1206 1071 1291 1116 corn-

151 1157 267 1239 paratis
291 1161 359 1221 tum
382 1175 418 1220 ex
441 1157 516 1220 locis
533 1175 551 1220 a
566 1153 724 1220 Maxentio
747 1156 800 1239 (cl.
818 1175 913 1239 snpra
934 1177 964 1240 p.
981 1156 1087 1240 XVII)
1110 1157 1214 1221 allatIs
1237 1157 1291 1220 de-

153 1263 397 1325 monstrauimus
420 1261 452 1324 in
476 1261 587 1324 studiis
604 1261 781 1325 Faustianis
805 1280 834 1345 p.
851 1258 871 1322 8
887 1280 954 1343 sqq.
979 1261 1068 1325 deest
1090 1261 1173 1324 enim
1189 1264 1289 1326 totum

153 1365 214 1428 lere
242 1366 416 1448 capitulum
439 1365 497 1428 XV
524 1365 596 1429 libri
623 1367 733 1449 prioris
762 1384 826 1432 una
852 1384 924 1429 cum
951 1366 1012 1429 fine
1035 1367 1162 1450 capituli
1185 1365 1290 1446 XIIII,

153 1470 323 1552 capitulum
347 1469 408 1534 VH
435 1468 507 1533 libri
534 1471 715 1553 posterioris
743 1471 902 1553 integrum
929 1488 993 1534 uua
1010 1488 1090 1534 oum
1117 1469 1180 1533 fine
1203 1473 1291 1534 ante·

153 1574 289 1638 cedentis
310 1577 343 1638 et
362 1573 450 1638 initio
471 1575 631 1656 sequentis
651 1575 789 1657 capituli,
813 1576 949 1657 itemque
969 1573 1040 1638 finis
1061 1575 1189 1658 capituli
1209 1575 1291 1637 eius-

153 1677 220 1742 dem
244 1677 316 1743 libri
339 1677 385 1742 XI
408 1683 439 1743 et
461 1679 585 1743 initium
609 1679 736 1762 capituli
752 1679 824 1742 XII.
864 1697 964 1760 neque
984 1697 1057 1742 uero
1073 1679 1202 1742 lacunae
1218 1679 1290 1742 illae

154 1783 183 1846 iu
212 1785 320 1847 nostro
352 1783 456 1846 codice
486 1784 560 1846 solis
592 1783 688 1848 oculis
719 1783 854 1847 discerni
883 1787 1031 1866 possunt,
1065 1801 1137 1846 cum
1167 1783 1289 1846 nullum

153 1885 280 1950 lacunae
312 1888 436 1970 signum
468 1891 576 1951 exstet.
616 1889 682 1950 erat
713 1887 794 1950 enim
826 1888 863 1967 is,
894 1888 947 1968 qui
974 1887 1110 1951 codicem
1141 1889 1290 1966 exorauit,

154 1990 243 2054 homo
266 1990 409 2070 stolidus,
432 1992 495 2074 qui,
519 1991 591 2072 quid
615 1991 774 2071 scriberet,
798 1992 927 2055 minime
943 1997 1075 2056 curaret.
1102 2010 1213 2073 neque,
1237 1992 1289 2073 qui

154 2098 258 2175 postea
282 2093 399 2158 librum
422 2095 498 2178 legit
521 2099 553 2158 et
575 2095 708 2159 correxit
734 2094 882 2177 (alteram
908 2096 1022 2160 codicis
1045 2114 1175 2159 manum
1198 2096 1291 2160 intel-

155 2198 243 2280 lego),
266 2200 417 2263 maiorem
440 2200 565 2264 laudem
589 2205 735 2280 meretur,
759 2219 831 2264 cnm
855 2201 888 2264 in
908 2201 1056 2265 addendis
1077 2200 1208 2284 singulis
1228 2201 1290 2283 syl-

156 2301 230 2366 labis
258 2303 310 2366 nel
337 2304 502 2368 sententiis
530 2305 654 2368 omissis
683 2304 747 2368 iere
771 2305 975 2386 adquieuerit,
1002 2305 1130 2370 lacunas
1158 2306 1289 2368 maiores

156 2409 256 2470 autem
281 2425 342 2471 non
373 2409 574 2490 perspexerit.
613 2408 668 2471 sed
698 2410 813 2489 nescio,
844 2427 884 2472 an
915 2409 1036 2474 duobos
1066 2409 1127 2473 illis
1155 2409 1290 2472 librariis

154 2511 265 2590 gratias
290 2529 430 2595 mamus.
470 2512 690 2597 abstinuerunt
714 2513 799 2577 enim
822 2513 867 2578 illi
890 2513 1193 2597 interpolationibus,
1216 2531 1290 2576 con-

155 2613 288 2696 iecturis,
319 2617 591 2681 emendationibus
622 2618 676 2697 ita,
706 2621 742 2682 ut
773 2617 883 2682 Fausti
912 2637 1042 2682 manum
1073 2622 1197 2682 tantum
1228 2636 1289 2682 non

155 2717 264 2801 ubique
287 2720 370 2784 facili
394 2722 517 2803 negotio
540 2740 722 2805 recuperare
745 2723 911 2805 possimus.

195 2822 262 2902 Qua
276 2825 314 2888 de
337 2841 432 2888 causa
454 2825 516 2888 iam
532 2829 677 2906 retracto,
701 2844 781 2907 quae
797 2827 872 2891 olim
892 2826 1070 2910 suspicatus
1089 2845 1171 2906 sum,
1190 2826 1291 2890 uerba

154 2943 183 3007 p.
199 2926 227 3006 I,
242 2925 284 2990 26
306 2937 336 2989 ct
358 2926 581 3013 gubernacula
605 2937 749 2990 tractare
771 2951 836 2992 non
857 2939 981 2992 norunt
1000 2931 1189 3015 interpolata
1208 2949 1287 3010 esse,

155 3032 232 3110 quod
263 3033 428 3096 antecedat
457 3055 495 3093 ac
526 3041 703 3117 temperare
732 3033 957 3096 nsoderomina
990 3034 1152 3111 nesciant,
1187 3052 1287 3116 neque
1358 3072 1360 3077 ,

154 3136 284 3216 amplius
307 3137 398 3202 credo
421 3137 518 3201 uerba
541 3158 570 3220 p.
590 3137 640 3218 ll,
658 3135 698 3200 13
720 3138 923 3223 stipendium
943 3138 1067 3223 peccati
1084 3161 1170 3201 moro
1192 3140 1288 3203 iuter-

153 3239 279 3320 polatori
309 3240 430 3321 deberi,
459 3241 556 3306 immo
587 3242 675 3306 colon
706 3243 893 3308 antecedens
924 3244 1026 3308 delere
1057 3245 1186 3326 eiusque
1219 3244 1287 3308 loco

152 3347 299 3424 punctum
331 3363 456 3409 exarare
487 3345 650 3426 debebam,
681 3366 755 3411 nam
788 3348 840 3412 hic
869 3364 968 3430 aeque
999 3367 1034 3412 ac
1065 3347 1287 3411 lin.10haec

153 3446 246 3511 uerba
272 3465 290 3512 a
312 3449 427 3513 Fausto
458 3451 586 3514 consilio
614 3455 799 3533 repetuntur
826 3455 858 3516 et
884 3452 923 3516 ad
950 3456 1133 3534 sequentem
1161 3455 1287 3516 senten-

151 3551 228 3613 tiam
253 3553 414 3616 relerenda
441 3558 523 3618 sunt.
562 3555 657 3618 etiam
685 3575 715 3638 p.
732 3553 785 3636 22,
804 3554 845 3618 12
872 3555 1024 3620 Faustum
1051 3557 1155 3640 ipsum
1182 3556 1286 3620 locum

151 3673 188 3717 ex
205 3657 334 3738 epistula
350 3657 486 3721 secunda
501 3658 591 3722 Pauli
607 3659 647 3722 ad
662 3659 958 3724 Thessalonicenses
978 3661 1161 3724 laudantem
1184 3661 1286 3724 dicere

150 3761 301 3840 potuisse:
333 3759 490 3824 similiter
520 3771 549 3824 et
579 3761 625 3824 ad
658 3761 955 3827 Thessalonicenses
985 3763 1155 3826 secunda
1185 3784 1286 3847 neque

151 3867 318 3930 extremam
342 3883 451 3930 uocem
475 3866 730 3950 interpolatorem
754 3887 922 3933 numerum
946 3868 978 3932 ΙΙ
1001 3889 1037 3932 ex
1061 3869 1201 3952 margine
1224 3869 1286 3933 huc
1320 3874 1322 3877 ’

150 3968 359 4034 intrudentem
388 3970 542 4034 addidisse
567 3971 643 4035 milri
665 3974 817 4055 persuasi,
845 3991 916 4037 cum
944 3974 1053 4036 eodem
1079 3974 1171 4056 plane
1194 3975 1285 4038 modo

150 4071 231 4136 disat
251 4074 384 4138 Faustus
407 4093 436 4157 p.
462 4072 532 4156 124,
552 4074 573 4138 3
596 4073 641 4137 ad
666 4073 852 4139 Corinthios
874 4077 1019 4161 prima,
1050 4075 1184 4158 124,15
1210 4077 1286 4140 iiam

150 4173 198 4236 ad
222 4175 401 4240 Corinthios
425 4178 602 4242 secunda.

194 4279 299 4363 Itaque
318 4301 373 4365 pro
394 4287 476 4347 certo
496 4283 676 4348 habendum
697 4288 745 4350 est
765 4285 843 4350 nihil
859 4287 892 4350 in
907 4286 966 4351 hoc
982 4286 1085 4350 codice
1101 4305 1168 4350 esse
1188 4286 1285 4350 inter-

149 4385 296 4464 polatum.
328 4387 477 4468 quidquid
508 4393 613 4452 autem
641 4389 826 4455 mendosum
855 4396 914 4470 est,
945 4411 980 4455 ex
1009 4392 1058 4455 his
1089 4391 1154 4454 fere
1181 4391 1284 4454 causis

1097 4495 1129 4544 οὗ
