<?xml version="1.0" encoding="UTF-8"?>
<!DOCTYPE html PUBLIC "-//W3C//DTD XHTML 1.0 Transitional//EN"
    "http://www.w3.org/TR/xhtml1/DTD/xhtml1-transitional.dtd">
<html xmlns="http://www.w3.org/1999/xhtml" xml:lang="en" lang="en">
 <head>
  <title>
</title>
<meta http-equiv="Content-Type" content="text/html;charset=utf-8" />
  <meta name='ocr-system' content='tesseract 3.04.00' />
  <meta name='ocr-capabilities' content='ocr_page ocr_carea ocr_par ocr_line ocrx_word'/>
</head>
<body>
  <div class='ocr_page' id='page_1' title='image "./corpusscriptoru19wiengoog_0023.png"; bbox 0 0 3100 4892; ppageno 0'>
   <div class='ocr_carea' id='block_1_1' title="bbox 664 461 1358 532">
    <p class='ocr_par' dir='ltr' id='par_1_1' title="bbox 664 461 1358 532">
     <span class='ocr_line' id='line_1_1' title="bbox 664 461 1358 532; baseline -0.001 -15"><span class='ocrx_word' id='word_1_1' title='bbox 664 463 908 532; x_wconf 84' lang='lat' dir='ltr'><strong>Prolegomena.</strong></span> <span class='ocrx_word' id='word_1_2' title='bbox 1276 461 1358 516; x_wconf 78' lang='lat' dir='ltr'><strong>xvll</strong></span> 
     </span>
    </p>
   </div>
   <div class='ocr_carea' id='block_1_2' title="bbox 210 633 1372 1349">
    <p class='ocr_par' dir='ltr' id='par_1_2' title="bbox 210 633 1372 932">
     <span class='ocr_line' id='line_1_2' title="bbox 211 633 1372 722; baseline -0.001 -20"><span class='ocrx_word' id='word_1_3' title='bbox 211 639 290 702; x_wconf 88' lang='lat' dir='ltr'><strong>dicit</strong></span> <span class='ocrx_word' id='word_1_4' title='bbox 313 643 345 703; x_wconf 94' lang='lat' dir='ltr'><strong>et</strong></span> <span class='ocrx_word' id='word_1_5' title='bbox 367 639 544 722; x_wconf 77' lang='lat' dir='ltr'>complures</span> <span class='ocrx_word' id='word_1_6' title='bbox 567 640 651 703; x_wconf 90' lang='lat' dir='ltr'><strong>locos</strong></span> <span class='ocrx_word' id='word_1_7' title='bbox 675 657 711 702; x_wconf 92' lang='lat' dir='ltr'><strong>ex</strong></span> <span class='ocrx_word' id='word_1_8' title='bbox 731 638 818 703; x_wconf 87' lang='lat' dir='ltr'><strong>libris</strong></span> <span class='ocrx_word' id='word_1_9' title='bbox 838 640 876 702; x_wconf 89' lang='lat' dir='ltr'><strong>de</strong></span> <span class='ocrx_word' id='word_1_10' title='bbox 892 639 994 722; x_wconf 84' lang='lat' dir='ltr'><strong>gratia</strong></span> <span class='ocrx_word' id='word_1_11' title='bbox 1017 639 1128 703; x_wconf 88' lang='lat' dir='ltr'><strong>allatos</strong></span> <span class='ocrx_word' id='word_1_12' title='bbox 1152 657 1224 701; x_wconf 91' lang='lat' dir='ltr'><strong>cum</strong></span> <span class='ocrx_word' id='word_1_13' title='bbox 1248 658 1272 703; x_wconf 91' lang='lat' dir='ltr'><strong>s.</strong></span> <span class='ocrx_word' id='word_1_14' title='bbox 1289 633 1372 702; x_wconf 76' lang='lat' dir='ltr'><strong>An-&#39;</strong></span> 
     </span>
     <span class='ocr_line' id='line_1_3' title="bbox 210 742 1355 828; baseline 0 -22"><span class='ocrx_word' id='word_1_15' title='bbox 210 743 333 827; x_wconf 88' lang='lat' dir='ltr'><strong>gustini</strong></span> <span class='ocrx_word' id='word_1_16' title='bbox 360 743 397 806; x_wconf 91' lang='lat' dir='ltr'><strong>de</strong></span> <span class='ocrx_word' id='word_1_17' title='bbox 422 744 530 808; x_wconf 86' lang='lat' dir='ltr'><strong>eadem</strong></span> <span class='ocrx_word' id='word_1_18' title='bbox 551 763 585 807; x_wconf 89' lang='lat' dir='ltr'><strong>re</strong></span> <span class='ocrx_word' id='word_1_19' title='bbox 608 745 772 808; x_wconf 78' lang='lat' dir='ltr'><strong>sententiis</strong></span> <span class='ocrx_word' id='word_1_20' title='bbox 800 746 958 828; x_wconf 77' lang='lat' dir='ltr'><strong>componit</strong></span> <span class='ocrx_word' id='word_1_21' title='bbox 986 742 1039 826; x_wconf 81' lang='lat' dir='ltr'><strong>(cl.</strong></span> <span class='ocrx_word' id='word_1_22' title='bbox 1062 744 1166 807; x_wconf 88' lang='lat' dir='ltr'><strong>studia</strong></span> <span class='ocrx_word' id='word_1_23' title='bbox 1189 747 1296 808; x_wconf 86' lang='lat' dir='ltr'><strong>nostra</strong></span> <span class='ocrx_word' id='word_1_24' title='bbox 1318 743 1355 806; x_wconf 93' lang='lat' dir='ltr'><strong>de</strong></span> 
     </span>
     <span class='ocr_line' id='line_1_4' title="bbox 210 845 1359 932; baseline 0.003 -22"><span class='ocrx_word' id='word_1_25' title='bbox 210 847 324 911; x_wconf 79' lang='lat' dir='ltr'><strong>Fausti</strong></span> <span class='ocrx_word' id='word_1_26' title='bbox 348 847 471 930; x_wconf 89' lang='lat' dir='ltr'><strong>scriptis</strong></span> <span class='ocrx_word' id='word_1_27' title='bbox 494 868 523 931; x_wconf 89' lang='lat' dir='ltr'><strong>p.</strong></span> <span class='ocrx_word' id='word_1_28' title='bbox 544 845 583 911; x_wconf 89' lang='lat'><strong>13</strong></span> <span class='ocrx_word' id='word_1_29' title='bbox 600 849 692 932; x_wconf 71' lang='lat' dir='ltr'><strong>squ).</strong></span> <span class='ocrx_word' id='word_1_30' title='bbox 1356 863 1359 871; x_wconf 80' lang='grc'>’</span> 
     </span>
    </p>

    <p class='ocr_par' dir='ltr' id='par_1_3' title="bbox 210 933 1357 1349">
     <span class='ocr_line' id='line_1_5' title="bbox 258 933 1357 1034; baseline 0.001 -20"><span class='ocrx_word' id='word_1_31' title='bbox 258 933 564 1032; x_wconf 75' lang='lat' dir='ltr'><strong>ldem&#39;Maxentius,</strong></span> <span class='ocrx_word' id='word_1_32' title='bbox 590 952 703 1016; x_wconf 89' lang='lat' dir='ltr'><strong>Petrus</strong></span> <span class='ocrx_word' id='word_1_33' title='bbox 732 952 880 1016; x_wconf 88' lang='lat' dir='ltr'><strong>diaconus</strong></span> <span class='ocrx_word' id='word_1_34' title='bbox 908 953 1023 1034; x_wconf 87' lang='lat' dir='ltr'><strong>aliique</strong></span> <span class='ocrx_word' id='word_1_35' title='bbox 1051 952 1195 1016; x_wconf 88' lang='lat' dir='ltr'><strong>monachi</strong></span> <span class='ocrx_word' id='word_1_36' title='bbox 1221 950 1357 1034; x_wconf 85' lang='lat' dir='ltr'><strong>Scythici</strong></span> 
     </span>
     <span class='ocr_line' id='line_1_6' title="bbox 210 1055 1356 1139; baseline 0.001 -21"><span class='ocrx_word' id='word_1_37' title='bbox 210 1055 428 1138; x_wconf 80' lang='lat' dir='ltr'><strong>Eutychianae</strong></span> <span class='ocrx_word' id='word_1_38' title='bbox 451 1056 572 1120; x_wconf 91' lang='lat' dir='ltr'><strong>haeresi</strong></span> <span class='ocrx_word' id='word_1_39' title='bbox 595 1057 709 1120; x_wconf 81' lang='lat' dir='ltr'><strong>addicti</strong></span> <span class='ocrx_word' id='word_1_40' title='bbox 733 1075 864 1139; x_wconf 85' lang='lat' dir='ltr'><strong>eamque</strong></span> <span class='ocrx_word' id='word_1_41' title='bbox 885 1057 923 1121; x_wconf 87' lang='lat' dir='ltr'><strong>ob</strong></span> <span class='ocrx_word' id='word_1_42' title='bbox 944 1076 1012 1120; x_wconf 93' lang='lat' dir='ltr'><strong>rem</strong></span> <span class='ocrx_word' id='word_1_43' title='bbox 1028 1057 1161 1122; x_wconf 69' lang='lat' dir='ltr'><strong>Rcmm</strong></span> <span class='ocrx_word' id='word_1_44' title='bbox 1180 1056 1278 1137; x_wconf 87' lang='lat' dir='ltr'><strong>citati,</strong></span> <span class='ocrx_word' id='word_1_45' title='bbox 1302 1056 1356 1120; x_wconf 91' lang='lat' dir='ltr'><strong>scd</strong></span> 
     </span>
     <span class='ocr_line' id='line_1_7' title="bbox 211 1159 1357 1245; baseline 0 -23"><span class='ocrx_word' id='word_1_46' title='bbox 211 1160 298 1223; x_wconf 90' lang='lat' dir='ltr'><strong>male</strong></span> <span class='ocrx_word' id='word_1_47' title='bbox 320 1161 435 1242; x_wconf 79' lang='lat' dir='ltr'><strong>recepti</strong></span> <span class='ocrx_word' id='word_1_48' title='bbox 461 1159 601 1224; x_wconf 92' lang='lat' dir='ltr'><strong>libellum</strong></span> <span class='ocrx_word' id='word_1_49' title='bbox 632 1160 670 1224; x_wconf 90' lang='lat' dir='ltr'><strong>de</strong></span> <span class='ocrx_word' id='word_1_50' title='bbox 699 1161 913 1225; x_wconf 81' lang='lat' dir='ltr'><strong>incarnatione</strong></span> <span class='ocrx_word' id='word_1_51' title='bbox 936 1165 968 1224; x_wconf 92' lang='lat' dir='ltr'><strong>et</strong></span> <span class='ocrx_word' id='word_1_52' title='bbox 989 1163 1091 1245; x_wconf 85' lang='lat' dir='ltr'><strong>gratia</strong></span> <span class='ocrx_word' id='word_1_53' title='bbox 1118 1161 1235 1225; x_wconf 92' lang='lat' dir='ltr'><strong>domini</strong></span> <span class='ocrx_word' id='word_1_54' title='bbox 1257 1160 1357 1223; x_wconf 88' lang='lat' dir='ltr'><strong>nostri</strong></span> 
     </span>
     <span class='ocr_line' id='line_1_8' title="bbox 212 1261 1356 1349; baseline 0.002 -23"><span class='ocrx_word' id='word_1_55' title='bbox 212 1263 288 1326; x_wconf 87' lang='lat' dir='ltr'><strong>lesu</strong></span> <span class='ocrx_word' id='word_1_56' title='bbox 312 1261 429 1328; x_wconf 78' lang='lat' dir='ltr'><strong>Christi</strong></span> <span class='ocrx_word' id='word_1_57' title='bbox 456 1265 609 1329; x_wconf 88' lang='lat' dir='ltr'><strong>miserunt</strong></span> <span class='ocrx_word' id='word_1_58' title='bbox 636 1265 676 1328; x_wconf 90' lang='lat' dir='ltr'><strong>ad</strong></span> <span class='ocrx_word' id='word_1_59' title='bbox 704 1266 863 1349; x_wconf 90' lang='lat' dir='ltr'><strong>episcopos</strong></span> <span class='ocrx_word' id='word_1_60' title='bbox 887 1265 1052 1330; x_wconf 80' lang='lat' dir='ltr'><strong>Africanos</strong></span> <span class='ocrx_word' id='word_1_61' title='bbox 1080 1267 1113 1329; x_wconf 93' lang='lat' dir='ltr'><strong>in</strong></span> <span class='ocrx_word' id='word_1_62' title='bbox 1136 1265 1278 1330; x_wconf 80' lang='lat' dir='ltr'><strong>Sardinia</strong></span> <span class='ocrx_word' id='word_1_63' title='bbox 1305 1283 1356 1328; x_wconf 87' lang='lat' dir='ltr'><strong>ex·</strong></span> 
     </span>
    </p>
   </div>
   <div class='ocr_carea' id='block_1_3' title="bbox 188 1367 1439 3643">
    <p class='ocr_par' dir='ltr' id='par_1_4' title="bbox 210 1367 1357 2390">
     <span class='ocr_line' id='line_1_9' title="bbox 211 1367 1356 1454; baseline 0.002 -24"><span class='ocrx_word' id='word_1_64' title='bbox 211 1367 355 1431; x_wconf 88' lang='lat' dir='ltr'><strong>sulantcs</strong></span> <span class='ocrx_word' id='word_1_65' title='bbox 371 1369 528 1452; x_wconf 88' lang='lat' dir='ltr'><strong>inprimis</strong></span> <span class='ocrx_word' id='word_1_66' title='bbox 545 1368 746 1452; x_wconf 87' lang='lat' dir='ltr'><strong>Fulgentium</strong></span> <span class='ocrx_word' id='word_1_67' title='bbox 762 1371 856 1451; x_wconf 89' lang='lat' dir='ltr'><strong>inque</strong></span> <span class='ocrx_word' id='word_1_68' title='bbox 877 1389 912 1434; x_wconf 91' lang='lat' dir='ltr'><strong>eo</strong></span> <span class='ocrx_word' id='word_1_69' title='bbox 929 1370 1081 1433; x_wconf 86' lang='lat' dir='ltr'><strong>Faustum</strong></span> <span class='ocrx_word' id='word_1_70' title='bbox 1104 1371 1242 1454; x_wconf 81' lang='lat' dir='ltr'><strong>grauiter</strong></span> <span class='ocrx_word' id='word_1_71' title='bbox 1266 1387 1356 1433; x_wconf 90' lang='lat' dir='ltr'><strong>accu-</strong></span> 
     </span>
     <span class='ocr_line' id='line_1_10' title="bbox 211 1470 1356 1557; baseline 0.002 -23"><span class='ocrx_word' id='word_1_72' title='bbox 211 1475 364 1536; x_wconf 90' lang='lat' dir='ltr'><strong>sauerunt</strong></span> <span class='ocrx_word' id='word_1_73' title='bbox 380 1470 512 1556; x_wconf 85' lang='lat' dir='ltr'><strong>(Migne,</strong></span> <span class='ocrx_word' id='word_1_74' title='bbox 528 1474 612 1536; x_wconf 90' lang='lat' dir='ltr'><strong>Patr.</strong></span> <span class='ocrx_word' id='word_1_75' title='bbox 630 1474 684 1537; x_wconf 89' lang='lat' dir='ltr'><strong>lat.</strong></span> <span class='ocrx_word' id='word_1_76' title='bbox 703 1473 791 1537; x_wconf 85' lang='lat' dir='ltr'>LXII</span> <span class='ocrx_word' id='word_1_77' title='bbox 807 1471 873 1556; x_wconf 78' lang='lat'><strong>92),</strong></span> <span class='ocrx_word' id='word_1_78' title='bbox 891 1475 1004 1557; x_wconf 88' lang='lat' dir='ltr'><strong>quibus</strong></span> <span class='ocrx_word' id='word_1_79' title='bbox 1021 1493 1212 1556; x_wconf 86' lang='lat' dir='ltr'><strong>quamquam</strong></span> <span class='ocrx_word' id='word_1_80' title='bbox 1227 1492 1356 1556; x_wconf 89' lang='lat' dir='ltr'><strong>respon-</strong></span> 
     </span>
     <span class='ocr_line' id='line_1_11' title="bbox 210 1575 1356 1663; baseline 0.002 -25"><span class='ocrx_word' id='word_1_81' title='bbox 210 1576 328 1640; x_wconf 90' lang='lat' dir='ltr'><strong>derunt</strong></span> <span class='ocrx_word' id='word_1_82' title='bbox 349 1575 533 1660; x_wconf 82' lang='lat' dir='ltr'><strong>Fulgentius</strong></span> <span class='ocrx_word' id='word_1_83' title='bbox 558 1577 714 1659; x_wconf 88' lang='lat' dir='ltr'><strong>ceterique</strong></span> <span class='ocrx_word' id='word_1_84' title='bbox 738 1578 886 1663; x_wconf 84' lang='lat' dir='ltr'><strong>episcopi,</strong></span> <span class='ocrx_word' id='word_1_85' title='bbox 910 1581 1016 1642; x_wconf 86' lang='lat' dir='ltr'><strong>tamen</strong></span> <span class='ocrx_word' id='word_1_86' title='bbox 1033 1578 1142 1642; x_wconf 83' lang='lat' dir='ltr'><strong>Fausti</strong></span> <span class='ocrx_word' id='word_1_87' title='bbox 1165 1579 1356 1642; x_wconf 87' lang='lat' dir='ltr'><strong>mentionem</strong></span> 
     </span>
     <span class='ocr_line' id='line_1_12' title="bbox 210 1681 1357 1765; baseline 0.001 -22"><span class='ocrx_word' id='word_1_88' title='bbox 210 1699 277 1744; x_wconf 92' lang='lat' dir='ltr'><strong>uon</strong></span> <span class='ocrx_word' id='word_1_89' title='bbox 297 1681 425 1746; x_wconf 84' lang='lat' dir='ltr'><strong>faciunt.</strong></span> <span class='ocrx_word' id='word_1_90' title='bbox 464 1682 519 1746; x_wconf 90' lang='lat' dir='ltr'><strong>sed</strong></span> <span class='ocrx_word' id='word_1_91' title='bbox 538 1681 724 1765; x_wconf 82' lang='lat' dir='ltr'><strong>Fulgentius</strong></span> <span class='ocrx_word' id='word_1_92' title='bbox 744 1685 855 1765; x_wconf 90' lang='lat' dir='ltr'><strong>postea</strong></span> <span class='ocrx_word' id='word_1_93' title='bbox 874 1682 1024 1747; x_wconf 88' lang='lat' dir='ltr'><strong>aduersus</strong></span> <span class='ocrx_word' id='word_1_94' title='bbox 1045 1682 1122 1747; x_wconf 92' lang='lat' dir='ltr'><strong>duos</strong></span> <span class='ocrx_word' id='word_1_95' title='bbox 1137 1682 1233 1746; x_wconf 91' lang='lat' dir='ltr'><strong>libros</strong></span> <span class='ocrx_word' id='word_1_96' title='bbox 1249 1682 1357 1745; x_wconf 80' lang='lat' dir='ltr'><strong>Fausti</strong></span> 
     </span>
     <span class='ocr_line' id='line_1_13' title="bbox 210 1784 1356 1870; baseline 0.003 -23"><span class='ocrx_word' id='word_1_97' title='bbox 210 1791 337 1868; x_wconf 89' lang='lat' dir='ltr'><strong>septem</strong></span> <span class='ocrx_word' id='word_1_98' title='bbox 359 1785 455 1850; x_wconf 90' lang='lat' dir='ltr'><strong>libros</strong></span> <span class='ocrx_word' id='word_1_99' title='bbox 475 1785 574 1850; x_wconf 90' lang='lat' dir='ltr'><strong>edidit</strong></span> <span class='ocrx_word' id='word_1_100' title='bbox 589 1784 642 1867; x_wconf 83' lang='lat' dir='ltr'><strong>(cf.</strong></span> <span class='ocrx_word' id='word_1_101' title='bbox 659 1787 726 1850; x_wconf 87' lang='lat' dir='ltr'><strong>uita</strong></span> <span class='ocrx_word' id='word_1_102' title='bbox 748 1807 772 1849; x_wconf 91' lang='lat' dir='ltr'><strong>s.</strong></span> <span class='ocrx_word' id='word_1_103' title='bbox 789 1786 947 1870; x_wconf 87' lang='lat' dir='ltr'><strong>Fulgentii</strong></span> <span class='ocrx_word' id='word_1_104' title='bbox 963 1786 1047 1850; x_wconf 88' lang='lat' dir='ltr'><strong>edita</strong></span> <span class='ocrx_word' id='word_1_105' title='bbox 1062 1805 1081 1850; x_wconf 90' lang='lat' dir='ltr'><strong>a</strong></span> <span class='ocrx_word' id='word_1_106' title='bbox 1095 1785 1307 1850; x_wconf 88' lang='lat' dir='ltr'><strong>Bollandianis</strong></span> <span class='ocrx_word' id='word_1_107' title='bbox 1323 1786 1356 1850; x_wconf 94' lang='lat' dir='ltr'><strong>in</strong></span> 
     </span>
     <span class='ocr_line' id='line_1_14' title="bbox 210 1877 1355 1974; baseline -0.001 -22"><span class='ocrx_word' id='word_1_108' title='bbox 210 1889 292 1952; x_wconf 89' lang='lat' dir='ltr'><strong>actis</strong></span> <span class='ocrx_word' id='word_1_109' title='bbox 316 1877 494 1954; x_wconf 88' lang='lat' dir='ltr'><strong>sanctorum</strong></span> <span class='ocrx_word' id='word_1_110' title='bbox 516 1890 616 1954; x_wconf 87' lang='lat' dir='ltr'><strong>lanl</strong></span> <span class='ocrx_word' id='word_1_111' title='bbox 639 1888 681 1953; x_wconf 88' lang='grc'><strong>43</strong></span> <span class='ocrx_word' id='word_1_112' title='bbox 705 1894 736 1954; x_wconf 91' lang='lat' dir='ltr'><strong>et</strong></span> <span class='ocrx_word' id='word_1_113' title='bbox 759 1891 842 1973; x_wconf 89' lang='lat' dir='ltr'><strong>apud</strong></span> <span class='ocrx_word' id='word_1_114' title='bbox 865 1891 983 1974; x_wconf 84' lang='lat' dir='ltr'><strong>Migne,</strong></span> <span class='ocrx_word' id='word_1_115' title='bbox 1005 1892 1090 1955; x_wconf 90' lang='lat' dir='ltr'><strong>Patr.</strong></span> <span class='ocrx_word' id='word_1_116' title='bbox 1108 1892 1162 1955; x_wconf 91' lang='lat' dir='ltr'><strong>lat.</strong></span> <span class='ocrx_word' id='word_1_117' title='bbox 1179 1890 1264 1954; x_wconf 90' lang='lat' dir='ltr'><strong>LXV</strong></span> <span class='ocrx_word' id='word_1_118' title='bbox 1283 1889 1355 1970; x_wconf 79' lang='lat'><strong>145,</strong></span> 
     </span>
     <span class='ocr_line' id='line_1_15' title="bbox 210 1993 1356 2078; baseline 0.002 -23"><span class='ocrx_word' id='word_1_119' title='bbox 210 1993 357 2075; x_wconf 88' lang='lat' dir='ltr'><strong>epistula,</strong></span> <span class='ocrx_word' id='word_1_120' title='bbox 387 2011 481 2075; x_wconf 89' lang='lat' dir='ltr'><strong>quam</strong></span> <span class='ocrx_word' id='word_1_121' title='bbox 505 1994 640 2078; x_wconf 90' lang='lat' dir='ltr'><strong>episcopi</strong></span> <span class='ocrx_word' id='word_1_122' title='bbox 662 1993 804 2059; x_wconf 80' lang='lat' dir='ltr'><strong>Africani</strong></span> <span class='ocrx_word' id='word_1_123' title='bbox 827 1996 859 2058; x_wconf 93' lang='lat' dir='ltr'><strong>in</strong></span> <span class='ocrx_word' id='word_1_124' title='bbox 883 1993 1023 2060; x_wconf 87' lang='lat' dir='ltr'><strong>Sardinia</strong></span> <span class='ocrx_word' id='word_1_125' title='bbox 1043 1996 1163 2059; x_wconf 84' lang='lat' dir='ltr'><strong>exsules</strong></span> <span class='ocrx_word' id='word_1_126' title='bbox 1186 1995 1297 2059; x_wconf 90' lang='lat' dir='ltr'><strong>loanni</strong></span> <span class='ocrx_word' id='word_1_127' title='bbox 1324 1998 1356 2058; x_wconf 91' lang='lat' dir='ltr'><strong>et</strong></span> 
     </span>
     <span class='ocr_line' id='line_1_16' title="bbox 212 2096 1355 2182; baseline 0.002 -22"><span class='ocrx_word' id='word_1_128' title='bbox 212 2096 348 2161; x_wconf 88' lang='lat' dir='ltr'><strong>Uenerio</strong></span> <span class='ocrx_word' id='word_1_129' title='bbox 368 2098 498 2180; x_wconf 87' lang='lat' dir='ltr'><strong>aliisque</strong></span> <span class='ocrx_word' id='word_1_130' title='bbox 517 2099 744 2181; x_wconf 89' lang='lat' dir='ltr'><strong>inscripserunt</strong></span> <span class='ocrx_word' id='word_1_131' title='bbox 766 2099 899 2182; x_wconf 76' lang='lat' dir='ltr'><strong>[Migne</strong></span> <span class='ocrx_word' id='word_1_132' title='bbox 915 2099 1000 2163; x_wconf 86' lang='lat' dir='ltr'><strong>Patr.</strong></span> <span class='ocrx_word' id='word_1_133' title='bbox 1017 2099 1070 2163; x_wconf 89' lang='lat' dir='ltr'><strong>lat.</strong></span> <span class='ocrx_word' id='word_1_134' title='bbox 1088 2099 1173 2163; x_wconf 85' lang='lat' dir='ltr'><strong>LXV</strong></span> <span class='ocrx_word' id='word_1_135' title='bbox 1187 2097 1279 2180; x_wconf 83' lang='grc'><strong>442],</strong></span> <span class='ocrx_word' id='word_1_136' title='bbox 1296 2097 1355 2162; x_wconf 90' lang='lat' dir='ltr'><strong>Fa-</strong></span> 
     </span>
     <span class='ocr_line' id='line_1_17' title="bbox 210 2201 1354 2287; baseline 0 -23"><span class='ocrx_word' id='word_1_137' title='bbox 210 2201 334 2265; x_wconf 88' lang='lat' dir='ltr'><strong>cundus</strong></span> <span class='ocrx_word' id='word_1_138' title='bbox 357 2201 592 2267; x_wconf 89' lang='lat' dir='ltr'><strong>Hermianensis</strong></span> <span class='ocrx_word' id='word_1_139' title='bbox 616 2203 781 2286; x_wconf 89' lang='lat' dir='ltr'><strong>episcopus</strong></span> <span class='ocrx_word' id='word_1_140' title='bbox 807 2203 940 2287; x_wconf 71' lang='lat' dir='ltr'><strong>[Migna</strong></span> <span class='ocrx_word' id='word_1_141' title='bbox 956 2204 1041 2267; x_wconf 92' lang='lat' dir='ltr'><strong>Patr.</strong></span> <span class='ocrx_word' id='word_1_142' title='bbox 1059 2204 1113 2267; x_wconf 90' lang='lat' dir='ltr'><strong>lat.</strong></span> <span class='ocrx_word' id='word_1_143' title='bbox 1130 2203 1248 2266; x_wconf 83' lang='lat' dir='ltr'>LXVII</span> <span class='ocrx_word' id='word_1_144' title='bbox 1264 2201 1354 2283; x_wconf 68' lang='lat'><strong>8551,</strong></span> 
     </span>
     <span class='ocr_line' id='line_1_18' title="bbox 210 2304 1113 2390; baseline 0.003 -23"><span class='ocrx_word' id='word_1_145' title='bbox 210 2305 322 2370; x_wconf 84' lang='lat' dir='ltr'><strong>isidor.</strong></span> <span class='ocrx_word' id='word_1_146' title='bbox 340 2307 377 2370; x_wconf 92' lang='lat' dir='ltr'><strong>de</strong></span> <span class='ocrx_word' id='word_1_147' title='bbox 400 2308 458 2370; x_wconf 85' lang='lat' dir='ltr'><strong>uir.</strong></span> <span class='ocrx_word' id='word_1_148' title='bbox 474 2307 519 2371; x_wconf 94' lang='lat' dir='ltr'><strong>ill.</strong></span> <span class='ocrx_word' id='word_1_149' title='bbox 536 2326 562 2370; x_wconf 90' lang='lat' dir='ltr'><strong>c.</strong></span> <span class='ocrx_word' id='word_1_150' title='bbox 579 2304 646 2390; x_wconf 76' lang='lat'><strong>27),</strong></span> <span class='ocrx_word' id='word_1_151' title='bbox 671 2309 723 2389; x_wconf 92' lang='lat' dir='ltr'><strong>qui</strong></span> <span class='ocrx_word' id='word_1_152' title='bbox 746 2325 830 2371; x_wconf 92' lang='lat' dir='ltr'><strong>nuno</strong></span> <span class='ocrx_word' id='word_1_153' title='bbox 853 2307 1006 2390; x_wconf 88' lang='lat' dir='ltr'><strong>deperditi</strong></span> <span class='ocrx_word' id='word_1_154' title='bbox 1029 2310 1113 2371; x_wconf 90' lang='lat' dir='ltr'><strong>sunt.</strong></span> 
     </span>
    </p>

    <p class='ocr_par' dir='ltr' id='par_1_5' title="bbox 188 2409 1439 3643">
     <span class='ocr_line' id='line_1_19' title="bbox 256 2409 1353 2495; baseline 0.001 -22"><span class='ocrx_word' id='word_1_155' title='bbox 256 2409 326 2473; x_wconf 86' lang='lat' dir='ltr'><strong>Ado</strong></span> <span class='ocrx_word' id='word_1_156' title='bbox 341 2410 529 2476; x_wconf 88' lang='lat' dir='ltr'><strong>Uiennensis</strong></span> <span class='ocrx_word' id='word_1_157' title='bbox 545 2412 577 2475; x_wconf 94' lang='lat' dir='ltr'><strong>in</strong></span> <span class='ocrx_word' id='word_1_158' title='bbox 593 2411 738 2476; x_wconf 88' lang='lat' dir='ltr'><strong>chronico</strong></span> <span class='ocrx_word' id='word_1_159' title='bbox 759 2412 798 2475; x_wconf 89' lang='lat' dir='ltr'><strong>ad</strong></span> <span class='ocrx_word' id='word_1_160' title='bbox 822 2430 941 2475; x_wconf 91' lang='lat' dir='ltr'><strong>annum</strong></span> <span class='ocrx_word' id='word_1_161' title='bbox 963 2410 1028 2473; x_wconf 78' lang='lat'><strong>492</strong></span> <span class='ocrx_word' id='word_1_162' title='bbox 1051 2409 1183 2495; x_wconf 85' lang='lat' dir='ltr'><strong>(Migne,</strong></span> <span class='ocrx_word' id='word_1_163' title='bbox 1199 2411 1282 2475; x_wconf 88' lang='lat' dir='ltr'><strong>Patr.</strong></span> <span class='ocrx_word' id='word_1_164' title='bbox 1299 2411 1353 2474; x_wconf 90' lang='lat' dir='ltr'><strong>lat.</strong></span> 
     </span>
     <span class='ocr_line' id='line_1_20' title="bbox 211 2511 1354 2598; baseline -0.003 -20"><span class='ocrx_word' id='word_1_165' title='bbox 211 2511 349 2578; x_wconf 80' lang='lat' dir='ltr'>CXXIII</span> <span class='ocrx_word' id='word_1_166' title='bbox 366 2512 442 2598; x_wconf 77' lang='lat'>107)</span> <span class='ocrx_word' id='word_1_167' title='bbox 465 2516 542 2580; x_wconf 86' lang='lat' dir='ltr'><strong>haee</strong></span> <span class='ocrx_word' id='word_1_168' title='bbox 562 2515 671 2580; x_wconf 85' lang='lat' dir='ltr'><strong>habet:</strong></span> <span class='ocrx_word' id='word_1_169' title='bbox 695 2524 810 2578; x_wconf 85' lang='lat' dir='ltr'><strong>contra</strong></span> <span class='ocrx_word' id='word_1_170' title='bbox 826 2513 989 2578; x_wconf 82' lang='lat' dir='ltr'><strong>Faustam</strong></span> <span class='ocrx_word' id='word_1_171' title='bbox 1010 2513 1126 2576; x_wconf 78' lang='lat' dir='ltr'><strong>scribit</strong></span> <span class='ocrx_word' id='word_1_172' title='bbox 1150 2513 1354 2576; x_wconf 79' lang='lat' dir='ltr'><strong>lucidissima</strong></span> 
     </span>
     <span class='ocr_line' id='line_1_21' title="bbox 198 2615 1354 2704; baseline -0.001 -24"><span class='ocrx_word' id='word_1_173' title='bbox 198 2615 276 2700; x_wconf 79' lang='lat' dir='ltr'><strong>fide</strong></span> <span class='ocrx_word' id='word_1_174' title='bbox 299 2615 500 2681; x_wconf 83' lang='lat' dir='ltr'><strong>beatissimus</strong></span> <span class='ocrx_word' id='word_1_175' title='bbox 516 2617 639 2683; x_wconf 82' lang='lat' dir='ltr'><strong>Auitus</strong></span> <span class='ocrx_word' id='word_1_176' title='bbox 658 2617 847 2682; x_wconf 75' lang='lat' dir='ltr'><strong>Viennensis</strong></span> <span class='ocrx_word' id='word_1_177' title='bbox 870 2618 1040 2704; x_wconf 80' lang='lat' dir='ltr'><strong>episcopas</strong></span> <span class='ocrx_word' id='word_1_178' title='bbox 1063 2617 1133 2680; x_wconf 86' lang='lat' dir='ltr'><strong>eino</strong></span> <span class='ocrx_word' id='word_1_179' title='bbox 1155 2616 1354 2704; x_wconf 78' lang='lat' dir='ltr'><strong>redarpuene</strong></span> 
     </span>
     <span class='ocr_line' id='line_1_22' title="bbox 209 2721 1355 2808; baseline 0.002 -25"><span class='ocrx_word' id='word_1_180' title='bbox 209 2743 364 2800; x_wconf 78' lang='lat' dir='ltr'><strong>errorem,</strong></span> <span class='ocrx_word' id='word_1_181' title='bbox 388 2723 542 2786; x_wconf 83' lang='lat' dir='ltr'><strong>similiter</strong></span> <span class='ocrx_word' id='word_1_182' title='bbox 565 2733 593 2787; x_wconf 89' lang='lat' dir='ltr'><strong>et</strong></span> <span class='ocrx_word' id='word_1_183' title='bbox 616 2723 753 2787; x_wconf 84' lang='lat' dir='ltr'><strong>Ioannes</strong></span> <span class='ocrx_word' id='word_1_184' title='bbox 776 2723 835 2787; x_wconf 83' lang='lat' dir='ltr'><strong>nir</strong></span> <span class='ocrx_word' id='word_1_185' title='bbox 858 2723 1010 2787; x_wconf 83' lang='lat' dir='ltr'><strong>eraditus</strong></span> <span class='ocrx_word' id='word_1_186' title='bbox 1026 2721 1244 2786; x_wconf 78' lang='lat' dir='ltr'><strong>Antiochenam</strong></span> <span class='ocrx_word' id='word_1_187' title='bbox 1263 2745 1355 2808; x_wconf 82' lang='lat' dir='ltr'><strong>pree-</strong></span> 
     </span>
     <span class='ocr_line' id='line_1_23' title="bbox 209 2824 1439 2912; baseline 0.003 -25"><span class='ocrx_word' id='word_1_188' title='bbox 209 2824 313 2910; x_wconf 79' lang='lat' dir='ltr'><strong>byter.</strong></span> <span class='ocrx_word' id='word_1_189' title='bbox 351 2826 484 2893; x_wconf 87' lang='lat' dir='ltr'><strong>loannes</strong></span> <span class='ocrx_word' id='word_1_190' title='bbox 503 2829 721 2893; x_wconf 88' lang='lat' dir='ltr'><strong>Antiochenus</strong></span> <span class='ocrx_word' id='word_1_191' title='bbox 743 2829 908 2912; x_wconf 83' lang='lat' dir='ltr'><strong>presbyter</strong></span> <span class='ocrx_word' id='word_1_192' title='bbox 924 2829 1100 2893; x_wconf 81' lang='lat' dir='ltr'><strong>Maxentius</strong></span> <span class='ocrx_word' id='word_1_193' title='bbox 1124 2833 1182 2909; x_wconf 90' lang='lat' dir='ltr'><strong>est,</strong></span> <span class='ocrx_word' id='word_1_194' title='bbox 1207 2829 1294 2892; x_wconf 92' lang='lat' dir='ltr'><strong>cuius</strong></span> <span class='ocrx_word' id='word_1_195' title='bbox 1317 2829 1354 2892; x_wconf 95' lang='lat' dir='ltr'><strong>li-</strong></span> <span class='ocrx_word' id='word_1_196' title='bbox 1437 2854 1439 2857; x_wconf 95' lang='lat'>·</span> 
     </span>
     <span class='ocr_line' id='line_1_24' title="bbox 210 2931 1354 3017; baseline 0.001 -23"><span class='ocrx_word' id='word_1_197' title='bbox 210 2931 333 2995; x_wconf 89' lang='lat' dir='ltr'><strong>bellum</strong></span> <span class='ocrx_word' id='word_1_198' title='bbox 355 2932 424 2997; x_wconf 90' lang='lat' dir='ltr'><strong>Ado</strong></span> <span class='ocrx_word' id='word_1_199' title='bbox 447 2934 514 3015; x_wconf 91' lang='lat' dir='ltr'><strong>ipse</strong></span> <span class='ocrx_word' id='word_1_200' title='bbox 541 2934 685 3017; x_wconf 83' lang='lat' dir='ltr'><strong>inspexit,</strong></span> <span class='ocrx_word' id='word_1_201' title='bbox 714 2953 786 2998; x_wconf 88' lang='lat' dir='ltr'><strong>cum</strong></span> <span class='ocrx_word' id='word_1_202' title='bbox 813 2934 911 2998; x_wconf 87' lang='lat' dir='ltr'><strong>uerba</strong></span> <span class='ocrx_word' id='word_1_203' title='bbox 939 2933 1020 3016; x_wconf 86' lang='lat' dir='ltr'><strong>apud</strong></span> <span class='ocrx_word' id='word_1_204' title='bbox 1043 2932 1189 2997; x_wconf 87' lang='lat' dir='ltr'><strong>Adonem</strong></span> <span class='ocrx_word' id='word_1_205' title='bbox 1215 2933 1354 3016; x_wconf 90' lang='lat' dir='ltr'><strong>proxime</strong></span> 
     </span>
     <span class='ocr_line' id='line_1_25' title="bbox 209 3035 1353 3122; baseline 0 -23"><span class='ocrx_word' id='word_1_206' title='bbox 209 3036 445 3102; x_wconf 83' lang='lat' dir='ltr'><strong>antecedentia:</strong></span> <span class='ocrx_word' id='word_1_207' title='bbox 477 3036 525 3100; x_wconf 89' lang='lat' dir='ltr'><strong>ita</strong></span> <span class='ocrx_word' id='word_1_208' title='bbox 556 3038 639 3100; x_wconf 90' lang='lat' dir='ltr'><strong>enim</strong></span> <span class='ocrx_word' id='word_1_209' title='bbox 671 3036 810 3101; x_wconf 80' lang='lat' dir='ltr'><strong>liberam</strong></span> <span class='ocrx_word' id='word_1_210' title='bbox 840 3035 1021 3100; x_wconf 74' lang='lat' dir='ltr'><strong>arbitrium</strong></span> <span class='ocrx_word' id='word_1_211' title='bbox 1052 3045 1118 3099; x_wconf 88' lang='lat' dir='ltr'><strong>tam</strong></span> <span class='ocrx_word' id='word_1_212' title='bbox 1147 3035 1353 3122; x_wconf 79' lang='lat' dir='ltr'><strong>Aapaetinns</strong></span> 
     </span>
     <span class='ocr_line' id='line_1_26' title="bbox 208 3140 1353 3224; baseline 0.002 -22"><span class='ocrx_word' id='word_1_213' title='bbox 208 3161 311 3224; x_wconf 79' lang='lat' dir='ltr'><strong>qaam</strong></span> <span class='ocrx_word' id='word_1_214' title='bbox 338 3141 435 3203; x_wconf 80' lang='lat' dir='ltr'><strong>ceteri</strong></span> <span class='ocrx_word' id='word_1_215' title='bbox 461 3141 613 3205; x_wconf 77' lang='lat' dir='ltr'><strong>catholici</strong></span> <span class='ocrx_word' id='word_1_216' title='bbox 636 3143 672 3205; x_wconf 89' lang='lat' dir='ltr'><strong>in</strong></span> <span class='ocrx_word' id='word_1_217' title='bbox 695 3141 829 3206; x_wconf 85' lang='lat' dir='ltr'><strong>ecclesia</strong></span> <span class='ocrx_word' id='word_1_218' title='bbox 853 3141 907 3204; x_wconf 80' lang='lat' dir='ltr'><strong>dei</strong></span> <span class='ocrx_word' id='word_1_219' title='bbox 930 3141 1051 3222; x_wconf 85' lang='lat' dir='ltr'><strong>docent,</strong></span> <span class='ocrx_word' id='word_1_220' title='bbox 1079 3151 1118 3204; x_wconf 86' lang='lat' dir='ltr'><strong>nt</strong></span> <span class='ocrx_word' id='word_1_221' title='bbox 1140 3140 1353 3218; x_wconf 81' lang='lat' dir='ltr'><strong>illuminatio,</strong></span> 
     </span>
     <span class='ocr_line' id='line_1_27' title="bbox 188 3243 1354 3332; baseline 0.002 -27"><span class='ocrx_word' id='word_1_222' title='bbox 188 3253 191 3258; x_wconf 81' lang='grc'>’</span> <span class='ocrx_word' id='word_1_223' title='bbox 207 3244 326 3306; x_wconf 74' lang='lat' dir='ltr'><strong>cointae</strong></span> <span class='ocrx_word' id='word_1_224' title='bbox 346 3255 374 3306; x_wconf 88' lang='lat' dir='ltr'><strong>et</strong></span> <span class='ocrx_word' id='word_1_225' title='bbox 394 3245 486 3308; x_wconf 83' lang='lat' dir='ltr'><strong>salus</strong></span> <span class='ocrx_word' id='word_1_226' title='bbox 506 3245 562 3308; x_wconf 81' lang='lat' dir='ltr'><strong>itti</strong></span> <span class='ocrx_word' id='word_1_227' title='bbox 586 3269 607 3309; x_wconf 96' lang='lat' dir='ltr'><strong>a</strong></span> <span class='ocrx_word' id='word_1_228' title='bbox 627 3244 755 3311; x_wconf 77' lang='lat' dir='ltr'><strong>Christo</strong></span> <span class='ocrx_word' id='word_1_229' title='bbox 777 3257 806 3309; x_wconf 89' lang='lat' dir='ltr'><strong>et</strong></span> <span class='ocrx_word' id='word_1_230' title='bbox 820 3268 884 3332; x_wconf 81' lang='lat' dir='ltr'><strong>per·</strong></span> <span class='ocrx_word' id='word_1_231' title='bbox 903 3243 1070 3309; x_wconf 77' lang='lat' dir='ltr'><strong>Christum</strong></span> <span class='ocrx_word' id='word_1_232' title='bbox 1089 3256 1118 3309; x_wconf 87' lang='lat' dir='ltr'><strong>ot</strong></span> <span class='ocrx_word' id='word_1_233' title='bbox 1133 3267 1204 3308; x_wconf 78' lang='lat' dir='ltr'><strong>cane</strong></span> <span class='ocrx_word' id='word_1_234' title='bbox 1225 3243 1354 3310; x_wconf 78' lang='lat' dir='ltr'><strong>Christo</strong></span> 
     </span>
     <span class='ocr_line' id='line_1_28' title="bbox 206 3347 1355 3414; baseline 0.001 -4"><span class='ocrx_word' id='word_1_235' title='bbox 206 3348 264 3411; x_wconf 79' lang='lat' dir='ltr'><strong>ait.</strong></span> <span class='ocrx_word' id='word_1_236' title='bbox 285 3347 427 3412; x_wconf 82' lang='lat' dir='ltr'><strong>Faustus</strong></span> <span class='ocrx_word' id='word_1_237' title='bbox 440 3371 519 3413; x_wconf 84' lang='lat' dir='ltr'><strong>aero</strong></span> <span class='ocrx_word' id='word_1_238' title='bbox 531 3349 590 3413; x_wconf 85' lang='lat' dir='ltr'><strong>iste</strong></span> <span class='ocrx_word' id='word_1_239' title='bbox 603 3351 652 3413; x_wconf 91' lang='lat' dir='ltr'><strong>ita</strong></span> <span class='ocrx_word' id='word_1_240' title='bbox 665 3349 804 3414; x_wconf 79' lang='lat' dir='ltr'><strong>liberam</strong></span> <span class='ocrx_word' id='word_1_241' title='bbox 814 3348 1039 3414; x_wconf 79' lang='lat' dir='ltr'><strong>Christianam</strong></span> <span class='ocrx_word' id='word_1_242' title='bbox 1050 3348 1231 3413; x_wconf 81' lang='lat' dir='ltr'><strong>arbitrium</strong></span> <span class='ocrx_word' id='word_1_243' title='bbox 1244 3348 1355 3413; x_wconf 77' lang='lat' dir='ltr'><strong>docere</strong></span> 
     </span>
     <span class='ocr_line' id='line_1_29' title="bbox 207 3451 1356 3532; baseline 0 -16"><span class='ocrx_word' id='word_1_244' title='bbox 207 3463 361 3530; x_wconf 83' lang='lat' dir='ltr'><strong>conatur,</strong></span> <span class='ocrx_word' id='word_1_245' title='bbox 377 3463 415 3516; x_wconf 88' lang='lat' dir='ltr'><strong>at</strong></span> <span class='ocrx_word' id='word_1_246' title='bbox 430 3452 631 3518; x_wconf 82' lang='lat' dir='ltr'><strong>illuminatio</strong></span> <span class='ocrx_word' id='word_1_247' title='bbox 648 3455 729 3532; x_wconf 83' lang='lat' dir='ltr'><strong>eine,</strong></span> <span class='ocrx_word' id='word_1_248' title='bbox 745 3455 859 3518; x_wconf 81' lang='lat' dir='ltr'><strong>uirtus</strong></span> <span class='ocrx_word' id='word_1_249' title='bbox 875 3465 904 3517; x_wconf 88' lang='lat' dir='ltr'><strong>et</strong></span> <span class='ocrx_word' id='word_1_250' title='bbox 919 3453 1012 3517; x_wconf 81' lang='lat' dir='ltr'><strong>calae</strong></span> <span class='ocrx_word' id='word_1_251' title='bbox 1026 3475 1091 3516; x_wconf 87' lang='lat' dir='ltr'><strong>non</strong></span> <span class='ocrx_word' id='word_1_252' title='bbox 1107 3476 1128 3515; x_wconf 91' lang='lat' dir='ltr'><strong>a</strong></span> <span class='ocrx_word' id='word_1_253' title='bbox 1144 3451 1283 3531; x_wconf 80' lang='lat' dir='ltr'><strong>Christo,</strong></span> <span class='ocrx_word' id='word_1_254' title='bbox 1298 3453 1356 3516; x_wconf 82' lang='lat' dir='ltr'><strong>sed</strong></span> 
     </span>
     <span class='ocr_line' id='line_1_30' title="bbox 205 3558 1352 3643; baseline 0.003 -23"><span class='ocrx_word' id='word_1_255' title='bbox 205 3567 338 3620; x_wconf 85' lang='lat' dir='ltr'><strong>natura</strong></span> <span class='ocrx_word' id='word_1_256' title='bbox 357 3559 401 3620; x_wconf 84' lang='lat' dir='ltr'><strong>eit</strong></span> <span class='ocrx_word' id='word_1_257' title='bbox 422 3579 458 3623; x_wconf 87' lang='lat' dir='ltr'><strong>ex</strong></span> <span class='ocrx_word' id='word_1_258' title='bbox 473 3559 625 3624; x_wconf 84' lang='lat' dir='ltr'><strong>Maxentii</strong></span> <span class='ocrx_word' id='word_1_259' title='bbox 645 3559 751 3625; x_wconf 89' lang='lat' dir='ltr'><strong>libello</strong></span> <span class='ocrx_word' id='word_1_260' title='bbox 771 3561 955 3643; x_wconf 90' lang='lat' dir='ltr'><strong>deprompta</strong></span> <span class='ocrx_word' id='word_1_261' title='bbox 975 3560 1041 3624; x_wconf 90' lang='lat' dir='ltr'><strong>sint</strong></span> <span class='ocrx_word' id='word_1_262' title='bbox 1060 3558 1112 3643; x_wconf 82' lang='lat' dir='ltr'><strong>(cf.</strong></span> <span class='ocrx_word' id='word_1_263' title='bbox 1129 3558 1247 3642; x_wconf 86' lang='lat' dir='ltr'><strong>Migne,</strong></span> <span class='ocrx_word' id='word_1_264' title='bbox 1267 3559 1352 3623; x_wconf 88' lang='lat' dir='ltr'><strong>Patr.</strong></span> 
     </span>
    </p>
   </div>
   <div class='ocr_carea' id='block_1_4' title="bbox 80 3663 1353 3748">
    <p class='ocr_par' dir='ltr' id='par_1_6' title="bbox 80 3663 1353 3748">
     <span class='ocr_line' id='line_1_31' title="bbox 80 3663 1353 3748; baseline -0.002 -20"><span class='ocrx_word' id='word_1_265' title='bbox 80 3691 86 3696; x_wconf 94' lang='lat'>·</span> <span class='ocrx_word' id='word_1_266' title='bbox 205 3681 326 3748; x_wconf 84' lang='lat' dir='ltr'><strong>graeca</strong></span> <span class='ocrx_word' id='word_1_267' title='bbox 341 3663 503 3728; x_wconf 82' lang='lat' dir='ltr'>LXXXVI</span> <span class='ocrx_word' id='word_1_268' title='bbox 527 3663 555 3744; x_wconf 91' lang='lat' dir='ltr'><strong>l,</strong></span> <span class='ocrx_word' id='word_1_269' title='bbox 578 3683 607 3746; x_wconf 93' lang='lat' dir='ltr'><strong>p.</strong></span> <span class='ocrx_word' id='word_1_270' title='bbox 628 3663 713 3748; x_wconf 77' lang='lat'><strong>107).</strong></span> <span class='ocrx_word' id='word_1_271' title='bbox 753 3665 821 3728; x_wconf 91' lang='lat' dir='ltr'><strong>sine</strong></span> <span class='ocrx_word' id='word_1_272' title='bbox 844 3663 937 3728; x_wconf 91' lang='lat' dir='ltr'><strong>dubio</strong></span> <span class='ocrx_word' id='word_1_273' title='bbox 960 3683 1015 3747; x_wconf 88' lang='lat' dir='ltr'><strong>per</strong></span> <span class='ocrx_word' id='word_1_274' title='bbox 1039 3664 1181 3728; x_wconf 86' lang='lat' dir='ltr'><strong>fraudem</strong></span> <span class='ocrx_word' id='word_1_275' title='bbox 1204 3665 1353 3728; x_wconf 88' lang='lat' dir='ltr'><strong>loannem</strong></span> 
     </span>
    </p>
   </div>
   <div class='ocr_carea' id='block_1_5' title="bbox 204 3767 1354 4375">
    <p class='ocr_par' dir='ltr' id='par_1_7' title="bbox 204 3767 1354 4375">
     <span class='ocr_line' id='line_1_32' title="bbox 205 3767 1354 3853; baseline -0.003 -17"><span class='ocrx_word' id='word_1_276' title='bbox 205 3769 409 3836; x_wconf 86' lang='lat' dir='ltr'><strong>Maxentium</strong></span> <span class='ocrx_word' id='word_1_277' title='bbox 432 3773 594 3853; x_wconf 89' lang='lat' dir='ltr'><strong>suspectae</strong></span> <span class='ocrx_word' id='word_1_278' title='bbox 618 3771 811 3834; x_wconf 87' lang='lat' dir='ltr'><strong>auctoritatis</strong></span> <span class='ocrx_word' id='word_1_279' title='bbox 835 3769 1025 3834; x_wconf 88' lang='lat' dir='ltr'><strong>monachum</strong></span> <span class='ocrx_word' id='word_1_280' title='bbox 1048 3770 1121 3834; x_wconf 84' lang='lat' dir='ltr'><strong>tecit</strong></span> <span class='ocrx_word' id='word_1_281' title='bbox 1135 3768 1205 3833; x_wconf 88' lang='lat' dir='ltr'><strong>Ado</strong></span> <span class='ocrx_word' id='word_1_282' title='bbox 1225 3767 1354 3852; x_wconf 83' lang='lat' dir='ltr'><strong>presby-</strong></span> 
     </span>
     <span class='ocr_line' id='line_1_33' title="bbox 206 3872 1354 3957; baseline -0.001 -18"><span class='ocrx_word' id='word_1_283' title='bbox 206 3881 317 3939; x_wconf 85' lang='lat' dir='ltr'><strong>terum</strong></span> <span class='ocrx_word' id='word_1_284' title='bbox 328 3873 569 3939; x_wconf 82' lang='lat' dir='ltr'><strong>Antiochenam.</strong></span> <span class='ocrx_word' id='word_1_285' title='bbox 586 3893 644 3938; x_wconf 91' lang='lat' dir='ltr'><strong>neo</strong></span> <span class='ocrx_word' id='word_1_286' title='bbox 654 3891 728 3938; x_wconf 89' lang='lat' dir='ltr'><strong>uero</strong></span> <span class='ocrx_word' id='word_1_287' title='bbox 736 3874 852 3938; x_wconf 88' lang='lat' dir='ltr'><strong>Auitus</strong></span> <span class='ocrx_word' id='word_1_288' title='bbox 862 3873 1050 3938; x_wconf 89' lang='lat' dir='ltr'><strong>Uiennensis</strong></span> <span class='ocrx_word' id='word_1_289' title='bbox 1063 3874 1226 3957; x_wconf 89' lang='lat' dir='ltr'><strong>episcopus</strong></span> <span class='ocrx_word' id='word_1_290' title='bbox 1239 3872 1354 3938; x_wconf 87' lang='lat' dir='ltr'><strong>Fausto</strong></span> 
     </span>
     <span class='ocr_line' id='line_1_34' title="bbox 205 3978 1354 4062; baseline -0.003 -18"><span class='ocrx_word' id='word_1_291' title='bbox 205 3979 277 4044; x_wconf 83' lang='lat' dir='ltr'><strong>sere</strong></span> <span class='ocrx_word' id='word_1_292' title='bbox 301 3982 579 4062; x_wconf 89' lang='lat' dir='ltr'><strong>contemporaneus</strong></span> <span class='ocrx_word' id='word_1_293' title='bbox 604 3982 713 4043; x_wconf 88' lang='lat' dir='ltr'><strong>contre</strong></span> <span class='ocrx_word' id='word_1_294' title='bbox 736 3978 845 4043; x_wconf 87' lang='lat' dir='ltr'><strong>Fausti</strong></span> <span class='ocrx_word' id='word_1_295' title='bbox 868 3978 963 4042; x_wconf 88' lang='lat' dir='ltr'><strong>libros</strong></span> <span class='ocrx_word' id='word_1_296' title='bbox 987 3980 1024 4042; x_wconf 93' lang='lat' dir='ltr'><strong>de</strong></span> <span class='ocrx_word' id='word_1_297' title='bbox 1047 3980 1148 4062; x_wconf 82' lang='lat' dir='ltr'><strong>gratia</strong></span> <span class='ocrx_word' id='word_1_298' title='bbox 1170 3979 1354 4061; x_wconf 90' lang='lat' dir='ltr'><strong>disputauit‚</strong></span> 
     </span>
     <span class='ocr_line' id='line_1_35' title="bbox 204 4081 1352 4167; baseline -0.003 -19"><span class='ocrx_word' id='word_1_299' title='bbox 204 4083 273 4148; x_wconf 89' lang='lat' dir='ltr'><strong>nisi</strong></span> <span class='ocrx_word' id='word_1_300' title='bbox 291 4083 371 4164; x_wconf 91' lang='lat' dir='ltr'><strong>quod</strong></span> <span class='ocrx_word' id='word_1_301' title='bbox 387 4083 419 4147; x_wconf 91' lang='lat' dir='ltr'><strong>in</strong></span> <span class='ocrx_word' id='word_1_302' title='bbox 434 4084 569 4167; x_wconf 86' lang='lat' dir='ltr'><strong>epistula</strong></span> <span class='ocrx_word' id='word_1_303' title='bbox 581 4083 620 4147; x_wconf 91' lang='lat' dir='ltr'><strong>ad</strong></span> <span class='ocrx_word' id='word_1_304' title='bbox 632 4081 864 4148; x_wconf 83' lang='lat' dir='ltr'><strong>Gundebadum</strong></span> <span class='ocrx_word' id='word_1_305' title='bbox 876 4101 984 4167; x_wconf 83' lang='lat' dir='ltr'><strong>regem</strong></span> <span class='ocrx_word' id='word_1_306' title='bbox 997 4081 1039 4166; x_wconf 89' lang='lat' dir='ltr'><strong>(p.</strong></span> <span class='ocrx_word' id='word_1_307' title='bbox 1054 4081 1096 4144; x_wconf 79' lang='lat'><strong>29</strong></span> <span class='ocrx_word' id='word_1_308' title='bbox 1108 4083 1233 4166; x_wconf 87' lang='lat' dir='ltr'><strong>Peiper)</strong></span> <span class='ocrx_word' id='word_1_309' title='bbox 1245 4082 1352 4147; x_wconf 88' lang='lat' dir='ltr'><strong>Fausti</strong></span> 
     </span>
     <span class='ocr_line' id='line_1_36' title="bbox 204 4187 1244 4270; baseline -0.003 -17"><span class='ocrx_word' id='word_1_310' title='bbox 204 4188 379 4270; x_wconf 86' lang='lat' dir='ltr'><strong>epistulam</strong></span> <span class='ocrx_word' id='word_1_311' title='bbox 403 4187 441 4252; x_wconf 89' lang='lat' dir='ltr'><strong>ad</strong></span> <span class='ocrx_word' id='word_1_312' title='bbox 464 4187 632 4252; x_wconf 88' lang='lat' dir='ltr'><strong>Paulinum</strong></span> <span class='ocrx_word' id='word_1_313' title='bbox 654 4189 780 4268; x_wconf 86' lang='lat' dir='ltr'><strong>refutat,</strong></span> <span class='ocrx_word' id='word_1_314' title='bbox 803 4205 865 4269; x_wconf 87' lang='lat' dir='ltr'><strong>qua</strong></span> <span class='ocrx_word' id='word_1_315' title='bbox 888 4187 925 4250; x_wconf 95' lang='lat' dir='ltr'><strong>de</strong></span> <span class='ocrx_word' id='word_1_316' title='bbox 948 4206 981 4250; x_wconf 90' lang='lat' dir='ltr'><strong>re</strong></span> <span class='ocrx_word' id='word_1_317' title='bbox 1005 4205 1076 4251; x_wconf 90' lang='lat' dir='ltr'><strong>mox</strong></span> <span class='ocrx_word' id='word_1_318' title='bbox 1098 4188 1244 4250; x_wconf 79' lang='lat' dir='ltr'><strong>dinamus</strong></span> 
     </span>
     <span class='ocr_line' id='line_1_37' title="bbox 254 4289 1353 4375; baseline -0.003 -18"><span class='ocrx_word' id='word_1_319' title='bbox 254 4291 437 4357; x_wconf 81' lang='lat' dir='ltr'><strong>Caesarium</strong></span> <span class='ocrx_word' id='word_1_320' title='bbox 460 4293 679 4357; x_wconf 85' lang='lat' dir='ltr'><strong>Arelatensem</strong></span> <span class='ocrx_word' id='word_1_321' title='bbox 702 4290 880 4375; x_wconf 91' lang='lat' dir='ltr'><strong>(episcopus</strong></span> <span class='ocrx_word' id='word_1_322' title='bbox 903 4289 1092 4374; x_wconf 76' lang='lat' dir='ltr'><strong>coa-542)</strong></span> <span class='ocrx_word' id='word_1_323' title='bbox 1116 4296 1221 4356; x_wconf 89' lang='lat' dir='ltr'><strong>autem</strong></span> <span class='ocrx_word' id='word_1_324' title='bbox 1245 4295 1353 4355; x_wconf 90' lang='lat' dir='ltr'><strong>contra</strong></span> 
     </span>
    </p>
   </div>
   <div class='ocr_carea' id='block_1_6' title="bbox 202 4397 1353 4550">
    <p class='ocr_par' dir='ltr' id='par_1_8' title="bbox 202 4397 1353 4550">
     <span class='ocr_line' id='line_1_38' title="bbox 202 4397 1353 4479; baseline -0.006 -15"><span class='ocrx_word' id='word_1_325' title='bbox 202 4399 365 4464; x_wconf 86' lang='lat' dir='ltr'><strong>Faustum</strong></span> <span class='ocrx_word' id='word_1_326' title='bbox 394 4415 494 4479; x_wconf 91' lang='lat' dir='ltr'><strong>neque</strong></span> <span class='ocrx_word' id='word_1_327' title='bbox 521 4397 681 4478; x_wconf 90' lang='lat' dir='ltr'><strong>scripsisse</strong></span> <span class='ocrx_word' id='word_1_328' title='bbox 709 4415 810 4478; x_wconf 89' lang='lat' dir='ltr'><strong>neque</strong></span> <span class='ocrx_word' id='word_1_329' title='bbox 838 4397 1014 4478; x_wconf 89' lang='lat' dir='ltr'><strong>disputasse</strong></span> <span class='ocrx_word' id='word_1_330' title='bbox 1037 4397 1098 4460; x_wconf 91' lang='lat' dir='ltr'><strong>nisi</strong></span> <span class='ocrx_word' id='word_1_331' title='bbox 1121 4397 1202 4478; x_wconf 90' lang='lat' dir='ltr'><strong>quod</strong></span> <span class='ocrx_word' id='word_1_332' title='bbox 1224 4397 1256 4459; x_wconf 91' lang='lat' dir='ltr'><strong>in</strong></span> <span class='ocrx_word' id='word_1_333' title='bbox 1280 4411 1353 4458; x_wconf 90' lang='lat' dir='ltr'><strong>oon-</strong></span> 
     </span>
     <span class='ocr_line' id='line_1_39' title="bbox 261 4500 1196 4550; baseline 0.001 -1"><span class='ocrx_word' id='word_1_334' title='bbox 261 4507 320 4550; x_wconf 82' lang='lat' dir='ltr'><strong>m.</strong></span> <span class='ocrx_word' id='word_1_335' title='bbox 334 4506 406 4549; x_wconf 76' lang='lat' dir='ltr'><strong>Faust.</strong></span> <span class='ocrx_word' id='word_1_336' title='bbox 1179 4500 1196 4550; x_wconf 92' lang='lat' dir='ltr'>b</span> 
     </span>
    </p>
   </div>
   <div class='ocr_carea' id='block_1_7' title="bbox 0 0 1554 4892">
    <p class='ocr_par' dir='ltr' id='par_1_9' title="bbox 0 0 1554 4892">
     <span class='ocr_line' id='line_1_40' title="bbox 0 0 1554 4892; baseline 0 2"><span class='ocrx_word' id='word_1_337' title='bbox 0 0 1554 4892; x_wconf 95' lang='lat' dir='ltr'><strong> </strong></span> 
     </span>
    </p>
   </div>
  </div>
 </body>
</html>
