3100 4892
254 434 297 497 84
718 435 739 487 Ι.
758 433 804 486 De
822 434 931 501 gratia

253 610 440 693 primordiis,
471 610 527 673 sed
549 610 712 673 dumtaxat
734 611 765 673 in
789 609 898 673 mediis
921 610 1038 692 gratias
1062 607 1212 690 speciales
1235 610 1267 671 et
1289 626 1325 671 en
1346 626 1396 671 ac-

254 715 377 779 cedenti
405 715 552 798 largitate
582 716 745 778 uenientes
776 715 923 793 uoluntas
954 716 1062 777 nostra
1089 713 1145 776 deo
1168 714 1212 776 ita
1235 712 1396 776 ordinante

253 819 427 902 praecedat.
462 822 567 884 utrum
592 819 637 883 ita
660 819 710 899 sit,
735 836 825 883 sacra
847 819 1075 901 interrogemus
1099 817 1229 899 eloquia.
1265 817 1396 900 legimus

253 925 285 987 in
309 923 472 1008 euangelio
496 925 650 989 dicentem
675 924 851 989 dominum:
883 923 969 1006 quid
1001 922 1070 987 tibi
1097 923 1154 985 uis
1178 922 1335 986 faciam?
1365 924 1398 983 et

215 1029 382 1094 aiterum:
414 1030 470 1093 uis
499 1047 611 1093 sanus
641 1028 753 1093 fieri?
799 1028 897 1107 uides,
928 1028 1087 1109 quianon
1111 1026 1259 1091 tribuitur
1283 1024 1397 1089 munus

255 1133 377 1212 salutis,
408 1132 469 1196 nisi
498 1134 583 1215 prius
612 1134 821 1216 interrogetur
848 1132 1036 1195 desiderium
1060 1131 1241 1195 uoluntatis.
1288 1130 1343 1193 sed
1367 1132 1398 1192 et

253 1255 325 1300 eum
349 1236 474 1300 uenitur
505 1238 543 1300 ad
573 1236 779 1320 baptismum,
809 1237 895 1318 prius
925 1236 1101 1300 accedentis
1125 1235 1272 1299 uoluntas
1295 1233 1398 1315 inqui-

253 1343 342 1422 ritur,
374 1345 409 1405 ut
438 1343 654 1425 regenerantis
686 1343 788 1425 gratia
819 1342 1035 1423 subsequatur.
1088 1344 1118 1403 et
1151 1341 1182 1403 in
1216 1338 1398 1403 centurione

254 1446 407 1526 Cornelio,
439 1448 511 1528 quia
537 1447 709 1530 praecessit
738 1448 886 1511 uoluntas
913 1446 1056 1530 gratiam,
1087 1444 1157 1509 ideo
1180 1443 1344 1525 praeuenit
1367 1446 1399 1505 et

202 1551 355 1634 ingratia
387 1553 664 1634 regenerationem.
722 1551 801 1616 nibil
835 1552 899 1633 hio,
935 1553 970 1615 ut
1003 1552 1124 1632 opinor,
1158 1548 1278 1612 redolet
1311 1565 1399 1630 prae-

255 1654 455 1738 sumptionis
490 1673 561 1719 oum
594 1660 625 1719 et
654 1656 713 1721 hoc
742 1657 847 1739 ipsum
877 1654 1104 1720 incessabiliter
1135 1670 1284 1733 asseram,
1317 1650 1398 1733 quod

255 1759 311 1821 deo
342 1760 444 1841 ipsam
475 1759 605 1823 debeam
636 1761 842 1841 uoluntatem,
874 1759 1058 1844 praesertim
1088 1777 1159 1822 cum
1189 1758 1220 1823 in
1252 1755 1399 1821 omnibus

255 1862 322 1926 eius
353 1863 489 1927 motibus
520 1863 560 1927 ad
590 1882 668 1947 opus
698 1865 819 1949 gratiae
851 1865 984 1929 referam
1008 1864 1059 1928 uel
1082 1862 1287 1927 inchoationis
1311 1860 1399 1925 initia

255 1967 306 2031 uel
330 1968 607 2033 consummationis
631 1973 776 2033 extrema.
947 2038 948 2043 ,

205 2098 229 2137 15
298 2071 461 2136 Abraham
484 2091 606 2155 quoque
630 2092 666 2137 ex
689 2074 793 2137 media
808 2074 982 2158 gentilitate
998 2072 1200 2157 progrediens
1216 2088 1278 2135 non
1295 2070 1398 2135 solum

254 2194 327 2238 cum
358 2177 443 2240 omni
472 2177 591 2242 familia
618 2196 674 2241 sua
697 2178 736 2242 ad
760 2179 894 2243 salutem
917 2181 1057 2257 uocatur,
1088 2177 1260 2241 sedetiam
1292 2178 1399 2259 pater

255 2280 457 2344 multarum
488 2282 658 2364 gentium
681 2283 859 2347 testimonio
881 2283 979 2366 ipsius
1003 2282 1144 2347 uerit-atis
1169 2280 1313 2345 efficitur.
1362 2279 1399 2343 da

255 2384 304 2448 dei
334 2385 474 2449 bonitate
503 2390 561 2467 est,
595 2387 678 2468 quod
707 2391 852 2468 uocatur,
887 2388 924 2451 de
955 2388 1079 2471 propria
1108 2387 1281 2465 uoluntate,
1318 2384 1400 2466 quod

255 2494 419 2572 proruptus
443 2490 634 2573 obsequitur.
673 2490 729 2556 Iob
753 2509 875 2575 quoque
900 2492 967 2556 sine
990 2490 1087 2555 animi
1108 2489 1253 2555 libertate
1276 2486 1400 2553 incum-

154 2631 156 2634 ·
204 2621 230 2659 20
256 2592 343 2657 benti
367 2594 399 2658 in
423 2613 456 2658 se
479 2596 561 2659 hosti
585 2613 646 2659 non
669 2598 824 2677 potuisset
847 2596 1010 2677 obsistere,
1034 2595 1089 2665 sed
1111 2596 1212 2679 iungit
1232 2594 1401 2677 magnani-

257 2698 400 2762 mitatem
430 2698 530 2764 cordis
561 2718 633 2763 oum
669 2702 780 2764 auxilio
814 2702 1009 2784 protectoris.
1056 2718 1091 2763 ac
1122 2700 1167 2763 sio
1201 2698 1322 2763 iust'tia
1352 2698 1401 2761 re·'

257 2804 451 2867 munerantis
485 2804 682 2869 deuotionem
712 2806 882 2888 pugnantis
913 2805 1056 2889 ostendit.
1102 2806 1134 2868 in
1162 2803 1292 2886 spiritali
1317 2802 1401 2867 bello

257 2907 300 2970 ita
329 2908 368 2970 ad
398 2908 531 2971 hominis
562 2908 701 2973 laborem
728 2909 850 2974 uidetur
873 2911 1027 2992 pertinere
1051 2907 1224 2988 conflictus,
1255 2907 1340 2971 sicut
1363 2906 1402 2971 ad
1488 2902 1490 2907 '
1524 2892 1525 2965 Ξ

257 3010 350 3075 derum
380 3012 512 3077 retertur
543 3018 684 3077 euentus
732 3015 848 3079 amicos
880 3032 1003 3096 quoque
1033 3012 1088 3078 lob
1118 3032 1153 3077 en
1176 3010 1323 3096 gentibus
1348 3032 1403 3076 ue·

206 3140 230 3179 es
257 3116 340 3179 nisse
373 3118 510 3180 nondum
544 3119 760 3201 promulgatae
795 3119 874 3203 legis
910 3122 1034 3201 tempus
1069 3117 1207 3183 ostendit
1242 3118 1287 3197 et,
1325 3116 1402 3180 dum

257 3239 313 3302 pro
336 3220 380 3283 eis
404 3220 488 3285 idem
503 3221 558 3285 Iob
583 3224 791 3305 praecipiente
816 3224 941 3287 domino
965 3223 1158 3305 supplicasse
1181 3224 1212 3285 et
1235 3220 1402 3285 exauditus

259 3344 327 3388 esse
358 3330 559 3408 memoratur,
590 3327 638 3391 his
668 3346 789 3410 quoque
821 3327 924 3391 adhuc
953 3328 985 3391 in
1012 3327 1188 3411 gentilitate
1218 3326 1402 3390 uiuentibus

258 3429 343 3493 salus
367 3430 543 3494 indubitata
564 3432 731 3497 confertur.
776 3431 887 3496 Rahab
912 3450 1033 3514 quoque
1057 3432 1088 3495 in
1116 3434 1240 3495 tantum
1264 3431 1404 3495 nationis

258 3533 435 3615 gentiliciao
465 3535 540 3615 tuit,
574 3541 610 3600 ut
644 3555 680 3599 ex
714 3536 860 3619 gentibus
896 3536 1130 3619 congregandae
1165 3538 1274 3617 tppum
1310 3537 1404 3617 prae·

207 3664 233 3701 ao
258 3636 355 3701 terret.
388 3639 545 3703 ecclesiae.
590 3641 669 3704 haec
705 3641 799 3705 etiam
835 3642 867 3704 in
904 3638 1038 3705 salutem
1078 3659 1148 3704 eum
1188 3639 1273 3704 omni
1308 3640 1404 3706 domo

363 3889 391 3959 4]
411 3888 491 3943 Mare.
507 3893 547 3954 10,
560 3894 602 3946 51.
657 3891 684 3961 5]
704 3890 796 3946 Ioann.
810 3895 833 3957 5,
848 3895 871 3946 c.
929 3892 973 3961 ld]
992 3890 1058 3946 Gen.
1073 3894 1114 3956 ll,
1125 3892 1150 3945 4.

306 4124 424 4191 lgratia
444 4125 470 4179 P
530 4125 622 4179 5fiori
640 4142 753 4181 sanusu
814 4126 959 4181 tlcornilio
979 4128 1006 4180 P
1065 4128 1097 4181 14
1116 4086 1361 4180 oonsrrmmeuonsss
1380 4128 1407 4182 Ρ

263 4215 293 4266 15
316 4227 435 4279 quoquae
458 4213 486 4265 P
564 4216 595 4268 17
618 4215 738 4281 gentium
762 4216 790 4268 P
810 4216 852 4269 bic
933 4217 964 4269 lu
987 4216 1109 4281 promtus
1134 4214 1160 4267 P
1232 4228 1356 4281 quoquae
1380 4216 1408 4269 P

260 4300 293 4350 211
312 4298 486 4364 magnitatem
506 4317 522 4353 o
590 4302 625 4354 24
643 4317 762 4368 quoquae
781 4302 808 4354 P
876 4304 909 4357 25
929 4304 1033 4369 tempus
1052 4320 1101 4356 ont.
1122 4319 1137 4355 a*
1207 4302 1241 4354 26
1259 4300 1297 4353 eis
1316 4302 1405 4371 idem]

261 4384 360 4436 etalem
378 4404 393 4439 c·
446 4388 478 4439 27
498 4402 617 4454 quoquae
637 4388 664 4441 P
718 4390 751 4441 28
770 4404 889 4455 quoquae
908 4390 935 4441 P
