3100 4892
155 415 159 431 '
250 415 340 469 LVHI
697 411 941 482 Proiegomena.

249 611 437 672 sermonem,
467 592 521 672 qui
551 591 674 672 incipit:
704 588 845 652 iustruit
873 610 931 652 aee
957 599 1053 673 atque
1082 589 1246 666 hortatur,
1277 589 1388 652 deinde
1520 604 1521 613 ¹

249 713 410 760 sermones
438 699 561 760 nostros
588 693 697 759 XXIII
720 698 752 758 et
773 693 900 758 XXIIII
927 692 994 776 (fol.
1011 692 1071 756 30¹
1093 697 1125 758 et
1151 692 1223 776 32¹)
1252 692 1386 758 exhibet.
1520 684 1521 773 Q

249 801 301 880 qui
322 801 379 864 hos
407 799 520 884 excipit
546 817 649 864 sermo
677 797 745 880 (fol.
765 797 850 881 34⁰):
882 796 980 860 detur
1004 796 1189 882 penitentia
1216 795 1389 874 secularia,
1520 836 1521 885 ι

249 923 285 966 ex
315 904 407 968 huius
438 904 551 968 codicis
582 903 766 968 auctoritate
794 903 873 967 ialso
901 902 1017 969 Fausto
1048 902 1240 985 adscriptum
1271 921 1341 966 esse
1370 921 1389 966 a
1520 892 1521 913 ¹

249 1007 391 1072 Mastane
415 1011 447 1072 et
462 1007 601 1087 Durend‚
624 1006 784 1071 Ueterum·
800 1008 986 1090 scriptorum
1010 1010 1042 1071 et
1063 1009 1387 1071 monumentorum..
1520 1060 1521 1103 ἢ

248 1112 444 1196 amplissima
466 1113 606 1176 collectio
630 1111 724 1176 VIIII
753 1109 814 1173 141
836 1130 916 1193 eqo,
945 1111 1062 1193 eisque,
1093 1113 1146 1193 qui
1177 1131 1213 1175 ex
1239 1111 1388 1176 Martenii
1520 1150 1521 1153 =

249 1216 381 1280 editione
405 1216 513 1280 Fausti
541 1234 701 1280 sermones
728 1216 830 1280 denuo
857 1215 1083 1299 imprimendos
1111 1219 1309 1296 curanerunt,
1337 1236 1388 1281 cr·
1520 1236 1521 1323 j

248 1321 410 1402 posuimus
433 1321 466 1383 in
489 1320 600 1384 studiis
624 1319 740 1384 nostris
764 1321 802 1384 de
825 1319 934 1384 Fausti
957 1321 1080 1402 scriptis
1103 1340 1133 1402 p.
1151 1317 1203 1384 85.

291 1424 351 1487 His
380 1425 475 1507 igitur
506 1423 605 1488 tribus
632 1423 720 1488 libris
749 1425 968 1506 manuscriptis
996 1425 1044 1488 usi
1071 1441 1181 1488 sumus
1205 1424 1244 1488 ed
1266 1427 1386 1489 textum
1520 1420 1521 1439 ¹

248 1529 410 1610 utriusque
427 1529 579 1594 sermonis
595 1529 848 1593 constituendum
869 1531 902 1592 et
921 1529 1034 1594 codicis
1051 1528 1075 1593 6
1090 1528 1277 1593 lectionibus
1297 1529 1388 1594 facile

247 1633 419 1716 principem
450 1633 555 1697 locum
586 1633 806 1696 concessimus.
844 1633 979 1715 reliquos
1007 1633 1129 1697 codices
1157 1633 1283 1697 eosdem
1310 1633 1388 1698 duos
1520 1680 1521 1725 3

249 1755 409 1801 sermones
433 1736 627 1818 exhibentes,
651 1755 783 1817 quorum
807 1754 864 1820 ego
887 1737 1016 1818 quidem
1031 1737 1176 1801 notitiam
1191 1736 1303 1817 habeo,
1326 1757 1388 1802 uno
1520 1742 1521 1773 l

249 1839 344 1906 uerbo
374 1841 425 1905 hic
453 1841 594 1925 tetigisse
622 1840 697 1904 satis
726 1845 784 1905 est.
822 1844 896 1905 sunt
925 1843 1032 1905 autem
1058 1841 1105 1905 hi:
1134 1840 1254 1906 codex
1282 1841 1390 1906 Troe-

248 1947 370 2010 censis
401 1965 432 2010 u.
458 1943 541 2008 1268
572 1963 652 2010 saec.
677 1945 749 2025 XII,
781 1945 894 2009 codex
923 1945 1202 2010 Eseorialensis
1233 1944 1261 2025 Q
1286 1946 1319 2010 Η
1345 1943 1388 2008 22

248 2067 328 2113 saec.
341 2049 414 2130 XII,
430 2050 542 2114 codex
557 2049 784 2132 Reginensis
800 2068 831 2113 n.
844 2047 908 2112 245
923 2067 1004 2114 saec.
1017 2049 1214 2130 XII-XIII,
1229 2050 1388 2132 inquibus
1520 2106 1521 2117 ,

247 2153 394 2219 omnibus
417 2155 526 2218 Fausti
548 2172 663 2218 nomen
685 2153 823 2219 homiliis
845 2153 1073 2236 praescriptum
1096 2157 1153 2217 est.

291 2256 351 2323 Sed
381 2261 505 2322 exstant
532 2258 602 2323 libri
626 2257 830 2339 manuscripti
852 2257 936 2338 iique
959 2258 1086 2338 uetusti,
1113 2258 1147 2322 in
1173 2257 1288 2339 quibus
1311 2257 1388 2324 an-

248 2363 320 2426 sarii
343 2363 468 2427 nomine
496 2366 624 2443 uterque
652 2380 755 2426 sermo
782 2361 950 2444 insignitus
981 2365 1040 2442 est,
1069 2365 1106 2426 ut
1135 2362 1276 2446 exemplo
1306 2366 1388 2443 utar,
1520 2364 1521 2401 l

246 2467 392 2531 codices
415 2466 753 2550 Wirceburgenses
781 2465 874 2530 theol.
898 2463 1205 2530 f.24saee.v1111
1235 2469 1266 2530 et
1293 2467 1387 2530 theol.
1520 2452 1521 2461 ¹

248 2570 309 2635 o.l
336 2589 418 2635 saec.
435 2570 540 2651 VIIII,
567 2572 600 2634 in
627 2569 741 2652 quibus
769 2569 934 2634 duodecim
956 2569 1103 2634 homiliae
1126 2569 1301 2651 traduntur,
1329 2572 1389 2634 sci·
1520 2590 1521 2605 ι

247 2676 321 2740 lieet
342 2676 452 2740 decem
474 2674 810 2740 Pseudo-Fusebiauae
833 2674 873 2738 ad
894 2673 1065 2738 monachos
1089 2678 1121 2737 et
1150 2673 1230 2738 duae
1252 2677 1388 2753 nostrae,

248 2799 328 2862 quae
352 2781 382 2844 in
409 2781 458 2844 his
486 2778 643 2844 codicibus
672 2779 746 2843 noni
774 2778 892 2843 saeculi
915 2778 970 2843 uni
993 2781 1087 2859 atque
1110 2779 1139 2842 ei
1165 2779 1246 2842 falso
1270 2780 1390 2843 auctori
1520 2776 1521 2787 ³

247 2884 392 2949 Caesario
416 2885 624 2964 ascribuntur,
648 2901 719 2947 cnm
744 2883 783 2946 ad
805 2882 972 2946 ueritatem
991 2883 1131 2965 proxime
1151 2882 1279 2947 accedat
1293 2882 1389 2947 codex
1520 2900 1521 2907 ¹

247 2989 363 3052 saeculi
386 2988 561 3052 duodecimi
584 2987 619 3068 c,
643 2987 697 3069 qui
720 2986 797 3050 item
820 3004 1002 3051 sermonum
1024 2986 1064 3049 ud
1085 2986 1255 3050 monachos
1278 2987 1389 3050 collec-

248 3094 364 3156 tionem
388 3092 552 3156 continens
575 3091 782 3175 singularum,
806 3090 976 3172 exquibus
997 3090 1294 3171 constatcollectio,
1318 3110 1389 3174 par·

246 3199 325 3261 tium
356 3196 488 3280 uestigia
517 3197 639 3280 integre
669 3197 809 3260 seruauit
838 3198 871 3258 et
900 3194 1061 3260 sermdnes
1088 3195 1128 3259 ad
1155 3195 1325 3260 monachos
1353 3216 1389 3260 cx
1520 3198 1521 3277 ι

246 3301 426 3365 collectione
441 3299 757 3365 Pseudo-Eusebium
777 3300 978 3382 depromptos
994 3319 1057 3364 non
1073 3300 1301 3364 contaminauit
1316 3318 1388 3364 cum
1520 3294 1521 3297 ’

246 3405 372 3486 reliquis
389 3403 499 3469 Fausti
517 3405 555 3468 ad
571 3405 740 3470 monachos
761 3403 968 3468 sermonibus.
1006 3405 1207 3468 conferantur
1222 3405 1318 3468 etiam
1334 3423 1390 3469 co

246 3509 346 3572 dices
363 3508 631 3592 Sangallenses
655 3528 686 3572 n.
705 3506 766 3570 193
783 3527 863 3572 saec.
880 3507 969 3587 VIII,
985 3527 1016 3571 n.
1035 3507 1099 3570 194
1114 3526 1194 3572 saec.
1211 3508 1389 3590 VI—VIII,

247 3632 277 3675 n.
290 3609 354 3675 558
371 3631 450 3676 saec.
465 3612 568 3692 vnn,
586 3633 616 3676 n.
630 3609 670 3676 57
673 3609 693 3673 9
710 3630 791 3676 saec.
803 3611 910 3691 VIIH,
924 3612 1081 3694 inquibus
1094 3612 1240 3677 omnibus
1253 3612 1390 3677 Caesarii

247 3717 395 3783 homiliae
419 3719 559 3781 ‘numero
582 3717 755 3781 duodecim'
779 3719 913 3795 exstant,
935 3715 1018 3780 inter
1041 3733 1119 3798 quas
1142 3716 1341 3780 Faustianos.

290 3821 434 3884 Primum
465 3821 540 3884 editi
571 3839 640 3884 esse
670 3819 816 3884 uidentur
846 3838 1007 3884 sermones
1030 3820 1140 3883 XXIII
1163 3822 1196 3884 et
1217 3821 1344 3884 XXIIII
1371 3838 1390 3884 e

247 3925 332 3988 Luca
347 3924 521 4004 Holstenio‚
546 3923 649 3989 Codex
669 3924 860 4006 regularum,
883 3942 961 4004 ques
982 3924 1083 3987 saneti
1102 3927 1206 4007 patres
1228 3924 1388 3988 monachis

247 4032 279 4093 et
294 4028 466 4112 uirginibus
483 4027 774 4092 sanctimonialibus
791 4027 963 4092 seruandae
978 4027 1216 4111 praescripsere‚
1239 4027 1389 4092 collectus

247 4133 322 4197 olim
344 4151 363 4196 a
386 4153 409 4196 s.
427 4132 596 4196 Benedicta
612 4131 797 4212 Anienensi,
820 4132 950 4196 Parisiis
968 4130 1063 4213 1663,
1085 4131 1142 4196 ubi
1163 4133 1195 4195 in
1218 4131 1389 4215 appendice

246 4258 276 4321 p.
293 4235 334 4299 41
357 4255 423 4318 sqq.
455 4235 564 4300 Fausti
594 4236 716 4301 abbatis
748 4235 923 4300 Lirinensis
954 4254 1115 4300 sermones
1148 4237 1187 4300 ad
1218 4236 1388 4300 monachos

247 4343 394 4422 quattuor
425 4340 444 4404 i.
469 4359 496 4405 e.
520 4341 580 4404 duo
607 4340 706 4404 nostri
736 4359 897 4405 sermones
928 4343 960 4405 et
990 4340 1050 4405 duo
1080 4340 1388 4405 Pseudo-Eusebiani
