3100 4892
201 442 265 507 458
478 444 594 499 Fausti
612 446 757 516 episcopi
777 445 814 499 de
834 446 963 500 ratione
981 446 1073 501 fidei.

201 625 341 682 sancto?
365 641 430 682 uon
444 643 494 695 es,
510 624 614 698 iuquit,
631 625 1023 697 bominibusmentitus,
1040 627 1098 684 sed
1111 628 1178 686 deo.
1207 627 1273 701 quid
1287 631 1349 685 tam

203 728 340 788 euidens?
356 746 420 788 eece
432 731 482 789 deo
498 733 595 789 uotum
611 729 777 804 promisisse
788 733 960 789 memoratur
975 734 1004 788 et
1019 731 1135 805 spiritui
1150 736 1249 791 saneto
1264 750 1349 791 meu-

202 833 274 891 titus
297 834 436 909 arguitur.
476 835 501 893 si
521 834 642 909 spiritus
664 838 784 893 sanctus
804 836 872 893 deus
893 852 951 893 uon
975 839 1061 905 esset,
1084 836 1201 895 minime
1224 838 1259 895 ed
1282 854 1349 896 eum

202 938 358 1013 sacrilegae
378 938 515 997 falsitatis
539 939 645 998 iniuria
666 940 855 1014 peruenisset.
895 938 961 997 item
985 941 1020 998 ad
1041 940 1204 999 Corinthios
1224 942 1350 1015 apostoli

162 1067 175 1103 a
201 1062 254 1103 uox
271 1046 328 1102 est:
346 1032 509 1115 nesc'itiS,
526 1045 608 1119 qruia
622 1048 771 1104 membra
785 1048 904 1103 uestra
920 1045 1083 1119 templum
1096 1048 1179 1103 sunt
1194 1045 1351 1120 spiritus

200 1148 335 1206 sancti?
358 1147 561 1223 glorificate
577 1152 610 1207 et
624 1151 763 1222 portate
779 1150 873 1207 deum
894 1148 929 1206 in
945 1166 1086 1223 corpore
1102 1152 1229 1207 uestro.
1265 1148 1350 1207 ilium

201 1252 299 1327 utique
315 1252 395 1311 deum
412 1256 526 1327 portare
540 1253 767 1329 praecipiuntur,
785 1255 865 1311 cuius
882 1254 987 1329 templa
1004 1270 1067 1311 esse
1083 1254 1279 1328 perhibentur.

750 1447 803 1504 111.

243 1583 315 1654 Quid
331 1584 566 1658 respondebimus
581 1586 637 1655 bis,
658 1586 707 1660 qui
723 1585 835 1645 dicunt:
860 1603 928 1645 nou
943 1588 1063 1661 potest
1075 1603 1142 1645 non
1158 1585 1254 1661 prior
1270 1602 1353 1645 csse

149 1712 173 1749 ro
199 1692 312 1763 pater,
328 1689 386 1763 qui
402 1689 496 1764 prior
511 1690 547 1749 in
562 1691 733 1764 baptismo
749 1690 969 1751 nominatur?

244 1799 403 1869 Respmwub.

242 1898 280 1958 Iit
300 1899 420 1974 spiritus
441 1902 559 1958 sanetus
579 1900 688 1975 primus
708 1904 762 1973 est,
787 1901 850 1975 sine
873 1918 928 1975 qrro
951 1900 1074 1975 primum
1098 1900 1264 1961 nominasse
1288 1918 1354 1959 uon

199 2003 315 2064 sufficit.
348 2022 401 2064 nec
421 2022 570 2064 numerum
590 2008 685 2064 autem
705 2023 757 2065 nee
778 2006 904 2066 ordinem
926 2005 1038 2080 recipit,
1062 2005 1157 2080 quiin
1173 2004 1259 2063 trium
1277 2008 1353 2065 sub-

201 2109 310 2168 stantia
325 2127 401 2169 unus
417 2113 446 2168 et
461 2110 539 2170 seius
554 2113 607 2169 est.

148 2236 183 2308 rs'
739 2250 808 2309 1111.

243 2406 316 2476 Quid
332 2406 566 2481 respondebimus
582 2407 634 2476 eis,
658 2407 707 2480 qui
723 2406 810 2480 impio
826 2424 874 2467 ore
889 2407 1089 2481 blasphemant
1104 2406 1244 2465 dicentes:
1270 2406 1355 2465 ideo

199 2513 344 2569 sanctus
360 2511 512 2586 spiritus
528 2529 597 2569 non
612 2514 666 2569 ost
681 2512 778 2581 deuS,
796 2511 877 2585 quia
892 2512 982 2570 nihil
997 2514 1162 2586 operatus
1174 2513 1228 2570 est
1243 2513 1353 2585 quasi

134 2594 138 2599 ¹
202 2616 305 2674 deus?

245 2726 404 2795 naporum

147 2850 172 2886 so
244 2826 406 2896 Uideamus,
423 2826 449 2884 si
464 2826 495 2883 iu
510 2826 644 2900 operibus
660 2826 721 2883 eius
737 2826 810 2885 nibil
827 2824 989 2883 diuinitatis
1005 2827 1150 2899 appareat.
1178 2824 1269 2899 primo
1286 2825 1352 2885 loco

198 2934 376 3005 peccatorum
391 2930 522 2989 remissio
539 2948 597 2988 nou
613 2930 759 2999 tribuitur,
781 2930 840 2988 nisi
856 2931 974 2989 sanctus
990 2930 1110 3004 spiritus
1126 2930 1284 2988 inuocetur.
1318 2934 1353 2988 et

198 3034 266 3108 qrriu
276 3038 392 3109 peccata
403 3036 467 3093 sine
478 3038 578 3095 sancto
590 3035 695 3109 spiritu
707 3053 765 3093 nou
779 3036 931 3105 donantur,
944 3034 1030 3093 etiam
1042 3036 1075 3092 de
1087 3035 1149 3108 ipso
1162 3032 1350 3108 apertissime

198 3140 303 3198 dictum
320 3158 383 3199 esse
399 3140 576 3199 mouerimus:
601 3158 711 3210 nemo,
735 3139 841 3213 inquit,
864 3142 982 3213 potest
1002 3138 1180 3197 dimittere
1199 3141 1350 3213 peccata

197 3245 270 3302 nisi
293 3263 382 3304 unus
405 3247 496 3304 deus.
536 3262 619 3319 quem
644 3262 710 3319 erpo
730 3247 921 3318 reparatorem
941 3245 1066 3303 bominis
1086 3244 1176 3315 uides,
1199 3246 1349 3303 auctorem

145 3370 172 3411 as
199 3349 324 3408 hominis
340 3366 477 3408 essenon
493 3349 614 3408 dubites

239 3455 306 3528 Ipse
321 3454 468 3530 inprimis
484 3457 591 3528 absque
605 3457 720 3529 peccato
736 3454 879 3513 hominem
891 3453 970 3525 iecit,
985 3453 1034 3527 qui
1051 3454 1082 3511 in
1094 3451 1226 3511 secundis
1243 3470 1260 3510 a
1275 3452 1346 3511 nin-

197 3559 259 3618 culo
275 3560 383 3632 peccati
398 3560 541 3618 homiuem
557 3577 619 3618 curn
636 3562 717 3634 patre
730 3562 758 3617 et
769 3558 828 3617 filio
840 3561 1024 3633 regenerator
1034 3557 1167 3617 absoluit.
1195 3556 1258 3615 uide
1270 3574 1345 3631 quo-

197 3664 277 3723 modo
292 3664 439 3737 apostolus
454 3662 486 3721 in
502 3664 625 3739 epistula
638 3664 848 3723 Corinthiorum
864 3680 948 3738 opera
960 3662 1081 3738 spiritus
1097 3662 1190 3721 sancti
1203 3662 1345 3719 uirtutes-

196 3786 251 3842 que
266 3768 445 3828 concelebrat
459 3769 502 3827 ita
516 3769 626 3827 diceus:
651 3768 840 3842 uuicuique
860 3770 971 3827 autem
988 3768 1089 3825 datur
1104 3784 1163 3842 per
1178 3766 1345 3841 spiritum

145 3895 171 3933 ao
198 3890 308 3933 sermo
331 3873 544 3947 sapientiae,
571 3873 632 3931 alii
656 3890 766 3932 sermo
790 3872 961 3931 scientiae
989 3874 1175 3931 secundum
1198 3872 1345 3931 eundem

301 4060 329 4130 s]
350 4063 361 4116 1
383 4060 442 4116 cor.
454 4062 478 4125 c,
490 4063 529 4116 19.
541 4062 583 4115 20.
637 4060 683 4129 aa]
702 4060 765 4115 rue.
780 4064 804 4125 s,
818 4062 859 4116 21.
914 4060 960 4129 aa]
981 4063 992 4115 1
1014 4058 1073 4113 cor.
1089 4062 1129 4124 12,
1142 4062 1167 4115 e.

240 4242 256 4292 ‘2
274 4241 308 4305 cf.
323 4238 419 4291 Fauat.
433 4238 465 4290 de
480 4238 547 4305 πρὶν.
560 4243 644 4291 sanct.
654 4254 683 4305 p.
698 4240 819 4303 15110.-
838 4235 885 4288 deo
899 4238 993 4288 notum
1007 4234 1159 4303 promisisse
1172 4236 1345 4301 cognoscitur·

197 4333 224 4375 rt
244 4324 349 4391 spiritui
371 4327 462 4376 sancto
484 4324 614 4376 mentitus
635 4324 757 4391 arguitur
780 4325 825 4391 (es.
848 4324 928 4377 eiiam
952 4341 980 4391 p.
1005 4328 1064 4389 1:52,
1084 4324 1113 4388 3)
1202 4325 1295 4373 uotum
1324 4324 1348 4377 S

197 4412 230 4467 22
249 4408 433 4462 condonantur
451 4412 477 4463 P
530 4413 564 4465 23
582 4410 670 4477 inquit
688 4429 737 4464 om.
752 4411 780 4463 P
832 4413 865 4465 26
884 4409 1016 4478 imprimis
1036 4410 1063 4462 P
