3100 4892
631 432 728 487 Liber
746 430 760 485 I
781 433 820 487 10.
1258 430 1302 496 35

156 607 254 673 stolus
270 606 371 673 dicat:
396 614 617 691 peccantem
640 626 762 673 coram
779 606 951 671 omnibus
967 625 1096 690 argue,
1120 607 1207 671 nulla
1222 607 1301 671 ratio

158 716 213 793 est,
237 730 300 795 qua
313 713 366 777 uel
381 713 561 797 arguendus
577 714 620 777 sit
640 713 693 777 uel
715 711 983 793 condemnandae,
1003 712 1056 794 qui
1079 711 1231 795 delinquit
1253 712 1301 776 in·

159 817 253 881 uitus.
292 817 348 881 sed
371 835 434 883 non
456 818 503 883 ita
524 821 581 883 est.
620 835 694 882 nam
717 836 789 881 cum
806 836 861 901 per
876 816 1062 900 prophetam
1086 834 1178 881 suum
1202 817 1301 880 domi·

157 940 215 985 nus
239 921 340 987 dicat:
364 940 665 1005 unumquemque
688 921 891 986 secundum
914 921 994 985 uias
1016 938 1101 985 suas
1124 920 1301 985 iudicabo

158 1025 285 1091 domus
307 1026 441 1107 Israel,
465 1026 655 1110 quicumque
671 1025 836 1091 succubuit
850 1026 998 1109 passioni,
1015 1042 1077 1091 non
1092 1024 1299 1109 praescientia
1327 1052 1340 1093 s

158 1134 311 1214 urguente
338 1135 503 1214 superatus
528 1134 584 1212 est,
615 1131 670 1195 sed
700 1134 829 1215 peccato
859 1129 1041 1194 blandiente
1069 1130 1215 1193 seductus
1245 1133 1302 1193 est.

159 1235 260 1299 adhuc
294 1240 446 1320 negantes
480 1239 629 1300 conatum
661 1236 778 1300 laboris
812 1236 942 1299 humani
975 1234 1199 1325 testimonium¹
1220 1234 1303 1298 istud

159 1343 338 1423 opponunt:
361 1341 434 1405 nisi
454 1340 626 1405 dominus
642 1340 909 1405 aedificarerit
924 1340 1084 1420 domum,
1108 1340 1145 1404 in
1168 1355 1304 1403 uanum

158 1443 348 1526 laborant,
371 1445 435 1527 qui
450 1446 659 1509 aedificant
675 1463 763 1510 eam.
808 1444 860 1529 qui
880 1444 939 1509 hoc
959 1444 1091 1528 inperite
1112 1442 1251 1508 obiciunt
1274 1446 1305 1507 et

159 1550 262 1613 totum
285 1549 404 1614 homini
426 1549 644 1634 denegandum
667 1550 809 1630 credunt,
832 1548 970 1632 primum
994 1547 1166 1612 secundum
1190 1565 1303 1612 sonum
1331 1574 1356 1613 ro

160 1652 283 1717 litterae
304 1653 500 1719 intellectum
524 1672 616 1718 suum
632 1654 776 1738 expedire
793 1671 855 1718 non
870 1655 1012 1737 possunt.
1051 1652 1202 1735 numquid
1219 1652 1304 1717 enim

161 1757 306 1821 dominus
335 1777 392 1842 per
419 1777 453 1822 se
480 1762 605 1823 tantum
635 1759 725 1823 uelut
754 1758 893 1823 solitaria
921 1758 1138 1841 procuratione
1169 1756 1304 1836 salutem

78 1921 80 1926 .
161 1861 291 1926 humani
312 1861 437 1946 generis
461 1862 684 1928 administrat?
722 1880 785 1928 non
808 1862 926 1945 utique.
958 1862 1014 1927 sed
1033 1880 1105 1927 cum
1122 1879 1233 1945 corpus
1250 1880 1304 1945 per

163 1966 304 2030 membra
325 1966 512 2050 dispositum
536 1967 646 2051 capitis
670 1970 856 2049 exsequatur
878 1966 1057 2050 imperium,
1082 1966 1223 2031 aedificat
1237 1964 1304 2048 <do-

163 2068 279 2154 minus>
308 2069 438 2135 domum
467 2090 559 2135 suam
587 2090 643 2155 per
671 2071 821 2135 ecclesiae
848 2072 1008 2155 praesules
1036 2074 1130 2153 atque
1152 2074 1304 2155 pastores,
1332 2096 1357 2137 rs

164 2193 215 2257 per
237 2193 302 2256 eos,
325 2176 379 2259 qui
401 2176 524 2240 dicunt:
549 2176 607 2240 dei
630 2177 727 2241 enim
752 2176 943 2241 adiutores
967 2194 1103 2241 sumus.
1143 2176 1197 2257 qui
1220 2174 1305 2239 enim

165 2296 267 2343 curam
291 2279 425 2363 suscipit
446 2280 590 2345 saluandi
612 2280 759 2361 hominis,
783 2280 906 2346 adiutor
930 2284 978 2345 est
999 2280 1215 2364 redemptoris.

204 2382 357 2448 Aedificat
385 2403 458 2468 ergo
485 2386 614 2450 domum
643 2386 725 2449 hanc
752 2385 896 2450 dominus
926 2404 982 2467 per
1013 2388 1138 2449 sanctos
1169 2401 1242 2448 suos
1274 2386 1306 2448 et

166 2488 261 2552 sancti
282 2508 339 2571 per
361 2488 523 2553 dominum
545 2507 648 2553 suum.
688 2488 868 2554 aedificatur
884 2482 1030 2553 'ecclesia
1058 2508 1114 2573 per
1142 2507 1224 2569 eum,
1253 2488 1306 2571 qui

166 2590 251 2656 dixit:
274 2597 316 2657 ut
337 2593 488 2677 sapiens
511 2594 741 2659 architectus
761 2594 1047 2659 fundamentum
1063 2594 1179 2677 posui.
1212 2610 1305 2656 num·
1331 2619 1357 2658 ro

167 2696 236 2777 quid
257 2696 349 2761 aliter
371 2697 568 2763 aedificatam
591 2699 752 2783 cognoscis
776 2698 953 2779 ecclesiam,
982 2716 1077 2780 quam
1103 2716 1159 2781 per
1182 2697 1304 2762 labores

167 2803 198 2864 et
222 2800 321 2865 officia
348 2802 556 2883 sacerdotum,
585 2822 641 2886 per
672 2803 847 2868 ministeria
878 2806 909 2866 et
942 2802 1085 2886 exempla
1114 2804 1304 2882 sanctorum,

165 2922 219 2985 per
240 2906 450 2988 apostolorum
471 2907 605 2972 uirtutes
629 2912 660 2971 et
682 2911 858 2990 martyrum
874 2909 1016 2971 mortes?
1047 2906 1102 2971 sed
1124 2908 1206 2970 inter
1227 2906 1305 2970 haec

167 3024 235 3071 cnm
255 3027 353 3091 usque
377 3010 417 3073 ed
439 3011 580 3074 omnium
603 3012 759 3075 malorum
774 3011 973 3076 tolerantiam
990 3012 1135 3092 tritaeque
1151 3011 1305 3079 iacturam

166 3110 301 3178 laborare
323 3114 438 3178 debeat
460 3116 607 3196 famulus,
631 3116 671 3179 ad
693 3115 855 3180 dominum
879 3119 986 3180 tamen
1009 3133 1133 3199 semper
1155 3117 1203 3178 est
1225 3115 1306 3179 refe·
1331 3139 1357 3179 es

166 3217 277 3280 rendns
297 3218 416 3283 laboris
432 3218 572 3284 allectus.
610 3220 665 3301 qui
687 3238 761 3284 uero
785 3221 836 3284 uel
859 3220 982 3284 initium
1006 3220 1109 3302 operis
1133 3218 1193 3283 sibi
1215 3236 1305 3302 prae·

166 3321 262 3386 sumit
282 3323 431 3407 adrogare
453 3324 504 3387 uel
527 3323 633 3405 finem,
663 3324 702 3388 ad
728 3325 820 3390 illum
847 3325 958 3389 merito
982 3324 1112 3389 dicitur:
1144 3324 1217 3387 nisi
1246 3324 1305 3388 do-

165 3426 283 3491 minus
305 3427 570 3493 aedificarerit
597 3428 756 3509 domum,
788 3430 826 3493 in
857 3446 991 3493 uanum
1023 3428 1212 3507 laborant,
1243 3429 1305 3509 qui

166 3529 368 3597 aedificant
390 3549 478 3595 eam.
517 3536 656 3597 ceterum
679 3533 761 3597 sicut
788 3532 826 3597 ab
854 3532 981 3597 homine
1008 3532 1183 3596 indefessae
1207 3530 1305 3595 serui-

166 3632 243 3697 tutis
269 3636 458 3719 erpectanda
484 3636 607 3702 deuotio
637 3640 701 3718 est,
731 3637 778 3701 ita
807 3636 907 3720 operis
939 3637 1149 3701 consummati
1178 3635 1304 3700 domino
1330 3662 1355 3701 eo

271 3842 502 3912 1]1Tim.5,20.
550 3842 795 3913 affluentem.
845 3842 873 3913 8]
892 3842 1101 3908 Psalm.126,l.
1158 3841 1303 3913 161100r.

165 3926 190 3994 3,
202 3928 228 3982 9.
279 3929 530 4001 20]100r.3,10.

207 4120 309 4190 2quefi3
326 4123 354 4177 P
413 4124 510 4177 licum
527 4138 574 4191 per
591 4124 700 4192 scripsi,
719 4138 780 4175 cum
799 4122 833 4193 P,
851 4138 932 4191 pero
993 4121 1259 4189 lunamquemqnee
1279 4120 1306 4173 P

166 4204 343 4275 equesque
361 4208 389 4263 Ρ
457 4206 603 4263 subcubuit
620 4210 649 4263 P
719 4210 751 4264 re
768 4194 878 4277 utrqlae
897 4209 924 4263 Ρ
994 4209 1027 4262 14
1050 4206 1174 4260 dominus
1196 4206 1304 4274 moror,

166 4308 217 4346 cor.
230 4292 266 4360 P,
282 4298 313 4363 cf.
327 4296 344 4351 1.
357 4299 392 4350 18
446 4297 479 4352 15
490 4294 662 4365 praesolesP
715 4298 810 4365 atquae
823 4296 850 4349 P
901 4296 933 4351 21
948 4293 1072 4349 aedificat
1090 4297 1117 4348 et
1135 4293 1304 4361 cognoscito

166 4379 200 4434 24
218 4393 314 4447 uaquae
332 4383 360 4437 P
410 4382 549 4451 uitaequae
567 4384 595 4437 P

1114 4466 1146 4519 3*
