3100 4892
599 459 698 514 Liber
715 459 745 513 11
762 463 837 515 6-1.
1229 459 1288 523 lli

149 635 229 716 quod
259 636 298 715 ei,
329 639 364 698 ut
391 634 533 714 diximus
565 637 724 718 proprium
748 639 796 698 est
820 635 920 717 magis
944 653 1038 715 quam
1062 634 1144 715 quod
1167 636 1289 698 eleum

95 768 97 771 ·
147 743 236 820 patre
260 739 382 820 filioque
406 758 572 803 commuue
596 744 652 803 est.

684 913 755 977 VII.
838 981 840 984 .

150 1056 236 1104 Quom
260 1055 401 1098 seramus
424 1053 560 1098 SANCTUS
580 1055 764 1097 ruorflu‘rus
781 1055 985 1096 sustenturus
1001 1055 1138 1096 lacrumas
1154 1058 1193 1098 ΕΤ
1211 1057 1291 1097 [tuus

150 1144 287 1184 Panum
310 1142 406 1184 cuum
430 1144 470 1183 m*
492 1143 608 1184 UOCARI
631 1143 840 1184 uurnnu'rruus
860 1143 1058 1184 rusuluouns
1075 1143 1289 1186 APPBOBATUR.
1330 1153 1343 1190 5

193 1259 274 1324 (lum
297 1279 353 1342 per
375 1259 507 1342 Moysen
534 1277 571 1323 ac
594 1260 696 1324 Dauid
726 1265 755 1324 et
781 1261 906 1324 Esaiam
937 1260 987 1323 uel
1019 1261 1095 1324 alios
1125 1261 1292 1344 prophetas

152 1364 330 1446 specialiter
350 1365 479 1447 spiritus
495 1369 621 1428 sanct-us
637 1364 759 1428 locutus
776 1383 845 1428 esse
861 1365 1023 1444 referatur,
1047 1365 1138 1428 deum
1154 1365 1292 1429 locutum

154 1486 212 1531 uox
243 1468 351 1532 diuina
377 1468 548 1551 profitetur,
579 1469 660 1531 sicut
684 1469 715 1532 in
738 1468 943 1531 Pentateuchi
968 1469 1126 1532 uolumine
1149 1470 1293 1551 frequen-

153 1576 251 1636 tatur:
282 1573 432 1636 locutus
462 1577 535 1651 est,
566 1573 678 1654 iuquit,
709 1573 883 1636 dominus
910 1572 953 1636 ad
977 1572 1130 1655 Moysen
1155 1574 1291 1638 diceus.

153 1677 315 1741 sollicitius
331 1678 537 1758 requiramus,
558 1678 586 1740 si
601 1677 777 1760 specialiter
794 1677 919 1758 spiritus
936 1682 1062 1742 sanctus
1079 1679 1110 1740 in
1134 1679 1293 1761 prophetis
1322 1710 1346 1747 ιο

153 1783 303 1864 loquatur.
339 1781 503 1862 habemus,
526 1786 563 1846 ut
584 1782 716 1865 praefati
739 1799 860 1860 sumus,
883 1781 914 1844 in
939 1781 1059 1844 actibus
1083 1783 1293 1865 apostolorum

154 1887 251 1950 Paulo
274 1889 424 1970 arguente.
440 1886 585 1950 ludaeos:
608 1885 716 1965 benc,
739 1886 849 1967 iuquit,
874 1885 1031 1967 spiritus
1054 1891 1207 1950 sauctus
1231 1905 1294 1969 per

154 1991 301 2055 llsaiam
323 1991 472 2056 locutus
499 1994 557 2055 est
586 1990 630 2055 ad
659 1993 786 2072 patres
818 1992 980 2054 nostros:
1012 1990 1142 2054 auditu
1172 1991 1295 2055 audie·

155 2095 202 2158 tis
233 2099 271 2159 et
292 2113 364 2158 uon
393 2095 646 2179 intellegetis,
673 2095 705 2158 in
729 2093 838 2158 eadem
861 2094 1008 2159 lectione:
1040 2095 1112 2159 uiri
1140 2095 1294 2174 fratres,

156 2203 302 2281 oportet
332 2199 480 2282 impleri
511 2200 751 2282 scripturam,
783 2216 892 2281 quam
919 2199 1106 2281 praedixit
1136 2199 1294 2281 spiritus
1322 2230 1346 2269 ιι

156 2307 309 2367 sauctus
339 2323 403 2386 per
433 2322 471 2369 os
494 2303 625 2367 Dauid.
672 2308 704 2367 et
730 2302 762 2367 iu
786 2303 918 2385 epistola
940 2303 1025 2366 Petri
1052 2303 1199 2386 legimus:
1224 2321 1294 2368 non

156 2409 250 2471 euim
266 2409 463 2472 uoluntate
479 2409 640 2473 humana
656 2408 773 2472 allata
789 2411 847 2472 est
862 2407 1065 2489 aliquando
1080 2409 1294 2492 prophetia,

156 2510 218 2574 sed
255 2513 392 2594 spiritu
430 2516 558 2577 sancto
592 2513 708 2577 locuti
742 2515 830 2576 sunt
864 2511 987 2576 sancti
1021 2512 1078 2575 dei
1112 2512 1293 2576 homines.

157 2633 363 2698 agnoscamus
386 2617 599 2700 propheticam
622 2617 755 2700 gratiam
773 2615 934 2680 euidenter
950 2616 988 2679 ad
1004 2617 1177 2698 potentiam
1194 2617 1295 2681 saneti

156 2720 281 2802 spiritus
301 2723 464 2803 pertinere.
497 2725 529 2785 et
548 2721 586 2784 de
600 2721 722 2803 psalmo
738 2720 839 2784 Dauid
856 2721 899 2784 ito
916 2720 954 2783 ad
970 2720 1131 2784 Hebraeos
1147 2721 1295 2804 legimus:
1324 2751 1349 2789 eo

157 2828 383 2908 quapropter
398 2826 497 2890 sicut
512 2825 605 2889 dicit
620 2825 778 2908 spiritus
799 2829 966 2888 sauctus:
990 2824 1099 2888 hodie
1123 2825 1154 2888 si
1170 2843 1296 2890 uocem

158 2927 237 2990 eius
267 2928 466 2993 audieritis
497 2932 532 2992 et
558 2932 693 2993 cetera.
739 2932 770 2992 et
804 2928 854 2993 hio
884 2929 1079 3011 apertissime
1110 2949 1165 3012 per
1195 2929 1296 2993 Dauid

158 3033 304 3114 spiritum
327 3037 472 3098 sanctum
494 3033 635 3097 locutum
658 3052 726 3097 esse
749 3037 893 3097 testatur.

202 3136 371 3202 Uideamus
388 3142 504 3218 auteur,
527 3142 634 3202 utrum
655 3138 731 3202 deus
755 3139 796 3202 sit
819 3139 887 3218 iste,
910 3158 965 3222 per
988 3157 1079 3220 quem
1104 3140 1205 3202 omnis
1227 3157 1298 3222 pro-

158 3240 264 3323 phetia
298 3243 449 3325 inspirata
481 3245 681 3306 memoratur.
727 3242 828 3306 Lucas
860 3241 1021 3306 dominum
1052 3242 1143 3306 deum
1175 3244 1296 3323 usserit,
1325 3270 1350 3308 oo

158 3345 213 3425 qui
240 3347 360 3410 locutus
388 3351 437 3411 est
465 3366 521 3429 per
551 3345 730 3430 prophe-tas,
763 3347 807 3410 ita
838 3347 956 3410 diceus:
988 3347 1208 3410 benedictus
1241 3347 1298 3411 do-

159 3449 280 3513 miuus
295 3451 384 3515 deus
400 3451 535 3532 Israel,
552 3453 639 3532 quia
654 3452 830 3515 uisitauit
847 3453 884 3514 et
899 3451 990 3514 lecit
1005 3452 1297 3534 redemptionem

266 3606 308 3675 12]
328 3606 441 3671 rosas,
455 3609 496 3661 as.
535 3606 579 3674 ιιι
599 3605 657 3659 uos.
672 3609 695 3667 1,
710 3609 749 3661 ro.
789 3606 833 3677 ro]
852 3608 868 3661 a
887 3605 958 3659 Por.
974 3609 1048 3670 ιιι.
1085 3605 1130 3674 21]
1144 3606 1299 3671 usucap

158 3689 349 3758 marosas.
402 3693 449 3762 ao]
467 3694 530 3747 uuo.
545 3696 569 3762 1,
582 3696 622 3748 os.

203 3831 398 3901 oapprobatur
415 3850 466 3887 om.
487 3833 513 3886 P
573 3831 699 3886 llisaiam
720 3833 773 3887 PR
834 3835 924 3887 Suor
947 3849 997 3886 om.
1018 3833 1045 3884 P
1107 3832 1301 3900 profitenturc

154 3925 221 3988 post
239 3919 378 3988 profitetur
394 3921 475 3975 addit
493 3919 597 3988 eloquia
613 3938 630 3974 o
681 3919 832 3988 pentateuci
853 3919 912 3986 PR,
931 3919 1130 3972 Pentateuchorr
1149 3938 1165 3974 ι·
1227 3919 1300 3974 910-

159 4007 302 4074 quutusR
354 4011 457 4062 estem.
472 4007 499 4061 P
551 4006 683 4074 iuquidR
735 4005 1161 4074 sollicitirlP(erotsiorusura)
1216 4006 1267 4061 12
1260 4023 1300 4058 ιιι

159 4092 265 4161 quoru
317 4095 374 4149 13¹
367 4094 459 4147 isaiam
473 4094 526 4149 PR
580 4096 612 4148 14
625 4093 775 4162 intelligitis
794 4095 886 4146 Pe
887 4095 979 4147 tacete
997 4092 1026 4145 in
1044 4094 1137 4148 admo
1191 4095 1223 4148 l'l
1240 4109 1300 4162 pro-

158 4205 299 4310 phetiamll
361 4209 394 4263 18
411 4205 516 4276 loquuti
534 4209 561 4263 R
623 4211 655 4262 19
673 4205 857 4277 propheticam
875 4207 902 4261 R
962 4206 1042 4261 20111
1062 4207 1088 4260 R
1150 4205 1257 4259 ebraeus
1276 4207 1303 4259 P

159 4321 193 4374 22
214 4335 298 4373 meam
316 4322 344 4376 P
360 4322 506 4391 (suprascr
524 4338 595 4375 mun
614 4321 674 4387 ult)
745 4323 772 4373 et
795 4323 881 4374 cetera
899 4337 949 4375 om
968 4338 985 4374 o
1055 4320 1088 4374 24
1111 4318 1252 4389 prophetia
1274 4319 1302 4373 R

159 4407 195 4462 26
212 4405 337 4473 loquutus
354 4407 382 4462 R
1193 4435 1194 4443 ι

1094 4493 1140 4544 10*
