3100 4892
266 436 331 500 410
774 436 902 492 Rurioii

266 612 429 693 aliquoties
451 612 605 694 respirare
629 614 662 675 et
684 612 786 696 magis
810 612 935 676 domino
950 629 1072 692 nccare,
1096 629 1191 694 qnam
1207 609 1328 689 Libero,
1350 626 1402 692 pa·

265 715 407 779 rentibus
430 733 552 797 quoqne
575 733 702 798 operam
725 715 809 796 dere,
834 733 930 797 quom
952 715 1105 794 cantibus,
1136 732 1260 793 moneo,
1283 717 1317 776 nt
1339 729 1402 776 cra·

266 820 359 900 atino,
384 819 465 901 quod
482 821 541 883 erit
560 823 672 900 quarte
693 819 781 900 feria,
804 820 927 899 Brinae,
949 819 1121 902 temporius
1138 821 1257 899 tamen,
1281 817 1359 899 qnod
1374 821 1401 880 te

265 925 424 988 facturum
447 925 576 987 minime
598 924 700 1004 credo,
725 924 803 987 mihi
826 925 948 988 ieiunus
972 941 1124 987 occurras

790 1080 888 1144 XXV.

712 1223 855 1266 musonii
877 1222 962 1265 ALIA.

308 1339 405 1403 Aliud
427 1339 506 1404 mihi
528 1341 585 1404 deo
607 1343 687 1404 teste
711 1340 909 1423 promiseras,
933 1339 1014 1421 qnod
1031 1339 1135 1422 ipsum
1152 1335 1282 1400 deberes
1297 1335 1400 1412 colere,

265 1462 328 1509 non
357 1444 481 1524 Ianum,
512 1445 600 1508 cuius
631 1445 771 1508 oriminis
800 1445 896 1508 etiam
919 1461 970 1506 me
992 1443 1042 1506 nis
1065 1459 1133 1506 cese
1156 1447 1341 1518 consortem,
1370 1439 1402 1500 nt

266 1566 323 1630 ego
347 1547 493 1611 adhunc
516 1566 651 1611 errorem
675 1531 840 1612 colen’dum
864 1548 989 1612 delicias
1006 1545 1243 1611 subministrem
1260 1548 1292 1608 et
1305 1545 1401 1607 oleum

216 1677 240 1715 io
266 1651 409 1715 incendio
433 1652 667 1735 superfundam.
702 1654 783 1734 quod
807 1656 917 1717 neuim
940 1654 1083 1715 nostrum
1107 1649 1232 1714 noueris
1257 1647 1400 1729 expedire.

266 1755 320 1818 sed
344 1755 420 1818 dicis
444 1757 590 1820 fortasse:
614 1757 773 1839 pellicitus
797 1776 840 1820 es.
888 1774 948 1837 quo
971 1773 1024 1820 ore
1047 1773 1066 1818 a
1088 1773 1138 1818 me
1161 1753 1318 1836 promissa
1337 1768 1402 1833 per·

266 1860 384 1940 quires,
418 1878 491 1922 cnm
521 1865 555 1924 tn
586 1864 783 1924 sacramenta
811 1861 1000 1924 uiolauerisl
1048 1858 1132 1922 unde
1162 1857 1252 1921 dabis
1283 1855 1401 1919 neniam

266 1981 355 2028 meae
377 1964 586 2046 promissioni,
609 1965 759 2046 quamdiu
783 1968 814 2028 tc
837 1965 910 2028 huic
933 1965 1049 2028 seruire
1070 1979 1245 2046 cognouere
1261 1959 1400 2043 passioni,

267 2087 306 2131 ne
330 2067 514 2132 confirmare
536 2067 699 2132 uideamur
722 2069 850 2148 lactum,
882 2068 970 2132 onius
993 2066 1250 2151 reprehendimus
1273 2069 1401 2148 pactum,

216 2197 241 2237 nc
267 2176 299 2235 et
321 2172 420 2235 simus
444 2172 600 2254 scandalo,
625 2173 674 2236 cui
698 2191 766 2236 esse
790 2173 940 2236 debemus
965 2172 1114 2254 exemplo.

781 2327 896 2392 XXVI.

530 2473 675 2514 munnulus
698 2472 888 2514 neomeniam
912 2472 970 2514 SUO
994 2471 1148 2514 SALUTEM.

310 2588 392 2669 Quia
414 2590 515 2653 nostri
538 2608 646 2654 curam
669 2609 794 2673 semper
815 2608 923 2674 gerere
945 2607 1002 2672 pro
1025 2591 1135 2652 mutua
1155 2589 1286 2652 caritate
1302 2587 1403 2670 digne-

267 2694 354 2774 mini,
384 2695 486 2758 indico
511 2695 663 2758 sollicitae
685 2695 794 2776 pietati
818 2698 849 2758 et
871 2694 941 2777 piae
965 2692 1165 2759 sollicitudini
1188 2696 1323 2772 nestrae,
1353 2707 1402 2754 nos

216 2825 242 2864 ro
268 2816 330 2862 non
352 2817 487 2882 paruum
511 2799 646 2881 quidem,
671 2799 724 2862 sed
749 2799 806 2862 deo
828 2799 960 2880 propitio
983 2799 1206 2879 uoluptuosnm
1223 2814 1242 2859 a
1257 2795 1346 2858 nobis
1360 2813 1403 2857 re·

267 2921 394 2965 norsum
426 2903 599 2984 sumpsisse
629 2903 800 2986 negotium,
833 2903 915 2984 qnod
944 2901 1034 2966 nobis
1065 2901 1236 2983 plurimum
1265 2899 1402 2981 prodesse

266 3009 382 3089 posset,
406 3007 432 3070 si
456 3010 512 3070 ent
526 3007 734 3070 intentionem
753 3007 931 3071 intellectus
948 3010 1003 3070 aut
1018 3006 1213 3069 intellectum
1230 3007 1403 3086 sequeretur

267 3111 439 3194 ingenium.
487 3110 554 3174 sine
576 3128 672 3174 cansa
695 3112 778 3174 enim
803 3111 877 3174 solis
900 3112 1003 3175 ortum
1028 3127 1139 3174 caecus
1163 3111 1316 3192 expectat.
1357 3107 1403 3170 ille

268 3214 393 3295 quidem
417 3213 597 3279 uidentibus
621 3233 744 3296 semper
767 3216 912 3295 exoritur,
936 3232 998 3279 non
1015 3213 1216 3278 cernentibus
1232 3231 1306 3276 nero
1322 3211 1404 3276 iubar

215 3343 242 3384 re
267 3319 366 3399 ipsius
394 3319 484 3400 quasi
508 3299 643 3383 nubibus
667 3337 791 3402 semper
814 3321 959 3402 operitur.
1006 3317 1138 3384 Sollium
1161 3317 1245 3382 enim
1268 3321 1403 3381 nostmm
1501 3307 1502 3310 '

268 3422 418 3486 domnum
450 3428 632 3506 patremque
660 3442 870 3505 communem,
901 3442 995 3504 quem
1019 3422 1292 3487 transcribendum
1315 3419 1404 3484 subli-

268 3527 371 3591 mitati
400 3531 524 3591 nestrae
554 3528 677 3592 dedisse
707 3547 758 3592 me
788 3529 937 3607 dixeram,
966 3527 1136 3611 legendum
1167 3526 1277 3608 recepi.
1323 3525 1402 3588 cuins

267 3632 370 3711 lectio,
394 3633 475 3696 sicut
496 3633 574 3696 mihi
596 3634 759 3714 antiquum
783 3636 938 3696 restaurat
961 3631 1119 3712 affectum,
1144 3631 1190 3695 ita
1211 3649 1285 3713 prae
1300 3629 1402 3695 obscu-
1501 3675 1502 3678 ,

268 3737 360 3800 ritate
388 3737 542 3800 dictorum
565 3754 627 3801 non
651 3737 792 3800 accendit
813 3737 985 3820 ingenium,
1017 3735 1192 3817 quemlibet
1214 3735 1320 3818 ipsum
1339 3735 1401 3815 post

313 3944 513 4014 lrcspirariS
580 3946 721 4012 uagareS
770 3945 1046 4012 eatetenus&
1100 3941 1281 4000 ‘ldeberisS
1337 3941 1400 3998 Sia·

269 4033 396 4086 nnnmS
464 4029 644 4086 9diliciasS
713 4034 743 4086 11
767 4031 879 4086 diceso
948 4030 1084 4099 perquires
1105 4033 1213 4100 scripsi,
1235 4028 1402 4099 perquirisS
1501 4043 1502 4048 ¹

270 4121 303 4172 12
325 4117 404 4170 uenis
426 4120 450 4173 S
519 4119 552 4173 13
572 4117 690 4185 parsioni
712 4135 728 4172 o
749 4120 781 4171 in
803 4125 884 4186 butu,
907 4118 1023 4187 portioni
1046 4119 1090 4173 uel
1111 4133 1239 4186 personae
1257 4137 1273 4174 o
1290 4119 1320 4172 in
1335 4116 1400 4171 notia

271 4205 304 4258 14
325 4208 434 4271 pactum
458 4219 518 4256 cr.
538 4203 640 4256 lactum
663 4223 678 4258 o
750 4206 782 4259 15
806 4204 848 4257 eni
871 4205 932 4270 Kr,
960 4205 1034 4257 cuins
1057 4205 1087 4272 S,
1115 4203 1212 4272 quibus
1239 4223 1255 4259 o
1281 4205 1312 4258 in
1336 4201 1400 4258 note
1501 4205 1502 4276 ᾗ

273 4291 304 4344 19
323 4290 408 4356 piaS
467 4292 502 4344 20
519 4289 650 4357 τθιιθτειιζξε
668 4290 780 4344 nmeisse
799 4293 822 4346 S
829 4294 844 4358 ¹,
862 4291 971 4344 reuersi
990 4292 1115 4345 sumsisse
1134 4293 1172 4347 δ’
1236 4294 1269 4347 22
1287 4289 1401 4360 posits
1501 4289 1502 4362 l

271 4376 305 4430 23
324 4389 400 4427 cecus
419 4377 443 4430 S
493 4377 526 4430 24
545 4374 632 4428 iuberi
650 4378 673 4431 S
