3100 4892
595 436 661 492 IIII.
681 437 790 491 Sermo
808 439 850 492 24.

151 614 333 680 nouerimus
365 633 433 678 esse
461 613 629 696 discipulos
658 616 689 676 et
716 603 755 676 aid
783 631 860 694 opus
888 616 1031 676 sanctum
1056 613 1219 676 uideamur
1242 631 1293 676 ex-

150 721 247 784 citare
278 720 455 802 magistros.
492 737 565 782 cum
596 719 695 782 simus
724 717 833 800 tepidi,
864 718 1005 800 cogimur
1035 717 1202 782 admonere
1232 717 1293 780 ler-

149 828 274 904 uentcS,
304 841 376 888 cum
407 824 506 888 simus
536 825 725 906 peccatores,
757 822 917 904 arguimus
949 824 1058 901 iustos,
1090 841 1161 885 curn
1193 821 1292 886 simus

149 928 297 1010 imperiti,
320 928 505 991 instruimus
529 927 645 1007 doctos,
668 945 741 991 cum
764 926 862 990 simus
886 926 918 990 in
941 927 1052 1009 pelago
1072 925 1163 989 huius
1185 927 1293 990 mundi

149 1033 257 1096 nimiis
287 1031 433 1096 fluctibns
463 1032 582 1115 agitati,
613 1031 653 1095 ad
675 1049 738 1111 eos,
769 1032 823 1112 qui
850 1031 889 1096 ad
919 1037 1043 1113 portum
1073 1031 1136 1094 iam
1163 1031 1293 1096 feliciter
1328 1057 1341 1098 s

146 1140 370 1217 peruenerunt,
393 1135 631 1218 praedicationis
653 1135 751 1198 uerba
772 1135 970 1217 proferimus

193 1241 254 1305 Sed
278 1245 395 1320 tamem
423 1242 537 1304 fratres
561 1239 766 1318 dilectissimi,
798 1239 870 1320 quia
893 1240 996 1303 solent
1017 1259 1114 1304 naues
1138 1240 1292 1323 superatis

148 1349 180 1408 et
207 1346 339 1409 deuictis
366 1343 513 1408 fluctibus
540 1344 645 1426 pelagi
674 1344 768 1407 etiam
796 1344 943 1426 inportu
967 1344 1125 1408 tutissimo
1152 1345 1292 1408 laborare

149 1454 192 1529 et,
219 1450 282 1513 nisi
308 1450 434 1533 grandis
463 1450 586 1514 cautela
613 1448 718 1529 luerit,
749 1466 849 1530 paene
873 1449 1043 1530 submergi,
1074 1467 1145 1512 cum
1169 1467 1293 1511 summa

149 1554 329 1618 humilitate
346 1559 376 1617 et
396 1554 515 1636 ingenti
537 1553 717 1616 reuerentia
738 1553 953 1633 admonemus,
977 1556 1022 1631 ut,
1046 1553 1118 1633 quia
1133 1570 1188 1615 uos
1206 1551 1294 1616 Chri·
1322 1581 1347 1618 ιο

143 1662 221 1722 stus
250 1658 436 1739 capitalibus
466 1657 649 1722 criminibus
680 1662 843 1738 tamquam
874 1657 911 1719 dc
939 1657 1120 1738 periculosis
1148 1655 1295 1719 liberauit

149 1761 310 1841 fluctibus,
333 1763 365 1825 in
388 1765 480 1845 portu
503 1763 618 1843 quietis
642 1765 673 1825 et
695 1762 897 1825 beatitudinis
922 1762 1082 1824 constituti
1105 1779 1219 1843 paruas
1241 1779 1294 1823 ne-

149 1869 327 1951 glegentias
358 1871 390 1930 et
420 1868 509 1948 quasi
539 1866 662 1930 minuta
690 1870 828 1949 peccata,
858 1885 937 1947 quae
969 1866 1070 1929 sicin
1094 1866 1295 1929 animacon-

149 1972 265 2051 fluunt,
295 1972 449 2053 quomodo
479 1991 534 2054 per
564 1971 793 2034 minutissimas
824 1972 913 2033 nauis
944 1971 1074 2034 rimulas
1104 1970 1136 2033 in
1171 1971 1295 2034 sentina

150 2080 261 2160 guttae
285 2082 486 2156 concurrunt,
514 2095 585 2140 cum
608 2076 694 2140 omni
718 2076 882 2158 uigilantia
905 2075 1029 2138 Christo
1052 2075 1220 2138 adiuuante
1244 2094 1295 2138 er·
1322 2101 1348 2140 15

151 2182 277 2244 haurire
300 2181 415 2263 iugiter
443 2181 613 2244 festinetis
646 2198 720 2243 nam
747 2179 902 2260 quomodo
931 2179 1030 2259 nauis,
1062 2183 1171 2261 postea
1201 2198 1295 2260 quam

150 2286 256 2368 pelagi
285 2284 398 2349 fluctus
429 2284 575 2367 euaserit,
606 2285 633 2348 si
662 2286 695 2348 in
724 2287 816 2366 portu
847 2284 1006 2347 sentinata
1034 2301 1095 2347 non
1122 2284 1227 2362 luerit,
1258 2285 1295 2346 de

150 2389 375 2454 minutissimis
398 2390 497 2473 guttis
521 2390 668 2472 impletur
692 2393 724 2452 et
746 2387 908 2471 mergitur,
933 2389 976 2450 sic
1000 2392 1031 2451 et
1051 2388 1222 2452 monachus
1243 2388 1295 2451 de·

150 2495 243 2557 uictis
274 2497 306 2556 et
334 2495 488 2576 superatis
518 2493 627 2557 mundi
658 2493 748 2556 huius
780 2493 961 2556 criminibus
993 2493 1080 2573 quasi
1112 2492 1295 2573 periculosis

152 2597 310 2677 fluctibus,
342 2617 415 2661 cum
445 2599 485 2661 ad
514 2601 639 2680 portum
664 2597 848 2661 monasterii
875 2597 1007 2676 uenerit,
1038 2597 1064 2659 si
1095 2596 1296 2677 subrepentia
1323 2621 1349 2660 ro

152 2704 232 2766 uilia
259 2704 291 2765 et
317 2703 441 2766 minuta
468 2706 500 2766 et
527 2702 683 2766 cotidiana
710 2705 839 2783 peccata
865 2702 902 2764 de
926 2701 1050 2765 animae
1074 2720 1148 2764 suae
1173 2701 1297 2764 sentina

153 2807 316 2870 exhaurire
340 2807 520 2890 neglexerit,
544 2807 576 2869 in
600 2807 667 2889 ipso
689 2810 782 2899 portu
806 2806 960 2887 naufragii
977 2805 1143 2869 discrimen
1159 2805 1295 2869 incurrit.

196 2911 258 2976 Sed
286 2911 361 2974 dicit
387 2911 514 2992 aliquis:
545 2911 698 2992 quomodo
721 2914 826 2993 potest
853 2911 960 2974 anima
982 2910 1153 2974 sentinari?
1191 2911 1297 2990 utique

153 3016 281 3094 orando,
304 3015 479 3096 ieiunando,
502 3015 671 3097 uigilando,
694 3033 802 3078 ueram
827 3015 990 3078 caritatem
1013 3016 1045 3077 et
1067 3031 1174 3076 ueram
1195 3012 1298 3077 humi-

153 3121 277 3184 litatem
309 3123 340 3183 et
367 3138 475 3184 ueram
502 3119 734 3184 oboedientiam
762 3119 942 3183 exhibendo.
982 3119 1144 3197 attendite,
1173 3119 1297 3197 fratrea,
1324 3143 1350 3184 aa

155 3243 280 3306 quaeso.
314 3225 469 3306 quomodo
486 3225 575 3288 nauis
598 3225 774 3288 sentinatur
798 3241 816 3286 a
839 3223 943 3302 situla,
968 3224 1011 3286 sic
1035 3224 1139 3286 anima
1162 3221 1200 3284 ab
1225 3238 1298 3302 ope-

154 3329 242 3392 ribus
263 3329 356 3393 malis
372 3329 513 3393 oratione
526 3329 684 3393 dominica
698 3327 860 3408 liberatur,
884 3328 912 3390 si
927 3327 1011 3390 dicat
1026 3331 1057 3390 et
1074 3346 1184 3390 uerum
1200 3327 1297 3390 dicat:

156 3433 308 3498 dimitte
331 3433 438 3497 nobis
461 3433 588 3498 debita
610 3436 753 3520 nostra,
785 3433 882 3496 sicut
912 3436 948 3495 et
978 3450 1043 3495 nos
1071 3431 1297 3494 dimittimus

155 3536 394 3602 debitoribus
421 3537 574 3601 nostris.
613 3537 666 3619 qui
693 3537 776 3600 cuim
804 3535 950 3600 omnibus
977 3536 1010 3599 in
1040 3554 1073 3598 sc
1096 3535 1297 3618 peccantibus

156 3641 328 3704 clementer
351 3641 524 3721 indulserit,
553 3641 670 3705 nullius
693 3641 814 3723 peccati
837 3639 1007 3722 uestigium
1031 3640 1063 3702 in
1087 3639 1170 3703 illius
1194 3640 1299 3702 anima
1325 3663 1350 3702 so

156 3744 341 3808 remanebit.
381 3745 544 3826 attendite,
567 3745 691 3824 iratres,
716 3749 747 3808 et
762 3745 964 3823 considerate,
989 3745 1071 3825 quod
1091 3743 1163 3824 diri,
1191 3744 1299 3825 quiin

157 3868 190 3912 se
211 3849 355 3932 peccanti
376 3849 551 3929 indulserit,
582 3866 644 3912 non
668 3848 740 3929 diri,
770 3850 862 3930 quod,
894 3849 948 3930 qui
977 3849 1010 3912 in
1034 3847 1090 3912 deo
1114 3847 1298 3930 peccauerit,

261 4039 307 4108 28]
326 4038 422 4093 Matth.
436 4041 460 4103 6,
475 4042 514 4095 12.

199 4217 218 4269 4
235 4213 329 4267 doctos
347 4213 479 4281 (doctores
497 4215 524 4279 υ)
543 4212 701 4266 instruimus
725 4212 763 4267 Co
833 4216 849 4267 5
870 4216 926 4266 tam
944 4231 961 4268 u
1030 4215 1046 4266 6
1068 4211 1256 4281 praedictionis
1274 4231 1297 4281 o,

156 4301 307 4369 potone
360 4303 393 4356 18
410 4295 555 4355 minutiae
606 4302 641 4355 26
659 4315 740 4368 queso
757 4299 843 4355 sst
898 4315 994 4368 quaeso
1011 4317 1092 4354 ome
1152 4301 1184 4354 27
1202 4299 1298 4353 libera·

158 4396 202 4442 tur
220 4389 340 4442 oratione
359 4388 492 4442 dominica
509 4389 536 4442 A
1290 4407 1295 4414 ·
