3100 4892
237 376 278 441 88
698 372 719 427 Ι.
739 373 783 425 De
802 372 909 439 gratia

237 553 410 629 damnatur,
432 548 550 614 bonum
572 549 673 612 facere
696 550 835 631 potuisse
858 549 1058 612 conuincitur.
1091 566 1206 631 magna
1228 550 1278 611 est
1300 564 1372 630 crgo

236 658 283 721 uis
314 658 410 721 animi
431 658 463 719 in
486 659 651 736 utramque
672 658 805 735 partem,
835 654 911 717 dum
942 656 973 717 ct
1001 670 1092 734 super
1114 653 1279 716 honestate
1302 668 1374 715 con-

237 761 375 825 funditur
398 761 430 824 et
452 778 545 841 super
567 758 766 823 inhonestate
789 756 998 822 confunditur.
1038 761 1069 821 ct
1096 756 1163 821 ideo
1187 756 1298 821 dicitur
1321 774 1373 837 per

236 866 436 949 prophetam:
459 863 662 946 palpebrae
683 863 764 926 eius
785 863 1023 945 interrogant
1041 861 1146 925 filios
1169 860 1373 939 hominum,

196 998 210 1037 s
236 971 407 1035 dominns
428 970 639 1052 interrogat
661 968 801 1031 iustum
826 969 860 1030 et
882 966 1046 1049 impium.
1085 964 1158 1047 quid
1188 984 1239 1029 me
1266 965 1374 1029 iudicis

236 1079 328 1141 natus
343 1075 514 1157 interrogat
534 1072 571 1135 de
594 1075 731 1154 peccato,
754 1072 782 1135 si
805 1088 880 1135 suae
903 1069 1090 1135 definitionis
1107 1074 1163 1149 est,
1180 1069 1261 1151 quod
1278 1069 1375 1133 delin-

236 1182 318 1262 quo?
341 1180 447 1261 itaque
461 1178 515 1259 qni
529 1176 619 1241 finxit
633 1176 815 1259 singillatim
832 1176 924 1240 eorda
939 1174 1113 1254 hominum,
1129 1174 1196 1238 uias
1213 1173 1376 1238 hominum

236 1290 268 1350 et
289 1284 401 1348 merita
423 1282 682 1347 conscientiarum
706 1284 845 1345 secretus
869 1281 1025 1345 discussor
1047 1280 1226 1362 interrogat.
1267 1278 1322 1342 sed
1349 1279 1375 1342 si

235 1393 267 1453 te
291 1392 323 1453 et
343 1389 410 1471 ipse
433 1388 592 1466 discutias
624 1387 650 1449 si
674 1386 796 1468 quaudo
819 1388 851 1449 in
874 1385 1032 1449 sinistram
1055 1384 1210 1448 declinare
1240 1382 1375 1461 uoluisti,

185 1490 703 1573 10nonnetrepidaconscientia‚
735 1509 774 1553 ne
797 1508 951 1571 peccares,
983 1487 1165 1553 admonuit?
1208 1504 1312 1551 nonne
1345 1490 1376 1551 te

236 1596 325 1661 uelut
347 1613 455 1660 censor
478 1595 618 1659 occultus
635 1595 731 1659 tristis
748 1595 894 1678 cogitatio
910 1594 1099 1677 castigauit‘l
1123 1610 1159 1656 ac
1175 1594 1219 1655 sic
1234 1591 1376 1655 homines

238 1720 271 1765 se
300 1702 383 1783 ipsos
415 1700 510 1763 latere
540 1718 602 1763 non
635 1704 767 1782 possunt
799 1698 1058 1763 testimonium
1088 1697 1267 1761 reddente
1298 1696 1376 1759 illis

237 1805 468 1869 corusoieutia
501 1808 537 1867 et
569 1805 669 1868 inter
702 1824 739 1867 se
777 1802 1070 1889 cogitationibus
1109 1800 1377 1865 accusantibus

238 1914 300 1973 aut
323 1910 439 1973 ctiam
461 1908 761 1973 defendentibus,

187 2042 212 2081 ιι
280 2014 367 2077 Inter
396 2013 473 2076 haec
496 2014 522 2076 si
544 2013 693 2094 requiras,
723 2012 777 2076 ubi
809 2014 849 2077 sit
877 2013 1008 2077 libertas
1032 2011 1155 2077 arbitrii
1180 2014 1294 2096 posita,
1325 2013 1379 2077 ubi

238 2119 279 2182 sit
301 2117 448 2181 uoluntas
471 2117 604 2181 hominis
628 2118 808 2197 constituta,
842 2118 902 2199 [et]
926 2117 980 2181 ubi
1003 2118 1064 2181 nisi
1087 2118 1118 2181 in
1141 2118 1315 2198 intellectu,
1346 2119 1379 2182 in

237 2225 355 2287 ratione
379 2224 472 2303 atque
495 2222 671 2303 sapientia?
701 2240 781 2302 quac
805 2240 876 2285 cum
900 2222 944 2285 ita
967 2222 1040 2301 sint,
1064 2222 1149 2303 prius
1173 2240 1300 2287 necesse
1323 2223 1381 2286 ha-

237 2327 326 2391 bebis
349 2326 467 2391 homini
491 2344 605 2409 negare
629 2325 825 2408 sapientiam,
850 2326 970 2389 auterre
993 2326 1156 2406 rationem,
1180 2330 1216 2390 ut
1238 2327 1378 2391 attinuere

237 2432 369 2495 liberam
392 2432 497 2495 ualeas
520 2430 725 2495 uoluntatem.
764 2448 858 2512 quam
880 2430 918 2495 ob
939 2450 1006 2494 rena
1030 2431 1056 2495 si
1079 2432 1203 2513 quando
1227 2432 1377 2497 delictum

185 2563 212 2602 ao
238 2535 361 2617 aliquod
384 2535 490 2599 anima
512 2535 594 2599 intra
617 2535 810 2599 domicilium
827 2553 917 2598 suum
935 2536 1059 2617 captiua
1075 2535 1256 2617 meditatur,
1280 2537 1381 2601 recla-

238 2643 327 2703 mant
350 2640 377 2702 ei
400 2640 625 2721 cogitationum
648 2643 776 2719 secreta,
801 2639 988 2703 interdicunt
1011 2640 1039 2703 ei
1066 2640 1251 2704 intrinsecus
1275 2640 1382 2705 officia

239 2762 305 2823 sua,
336 2744 390 2807 sed
419 2744 500 2805 uires
532 2742 687 2807 subtrahit
712 2744 877 2807 resistendi
905 2743 1094 2808 consuetudo
1122 2744 1279 2825 peccandi.
1325 2745 1380 2809 sed

237 2847 373 2911 reuoluis
406 2849 437 2910 et
459 2847 544 2927 dicis,
575 2847 655 2928 quod
685 2848 762 2911 mali
785 2851 816 2911 ct
838 2848 890 2930 qui
913 2848 952 2911 ad
974 2848 1182 2930 perditionem
1210 2848 1380 2913 trahuntur

238 2970 300 3016 non
322 2952 498 3033 acceperint
514 2951 633 3015 arbitrii
648 2952 834 3015 libertatem.
874 2953 1010 3034 primum
1027 2953 1104 3017 scire
1121 2952 1283 3033 debemus,
1307 2955 1380 3036 quia

186 3082 211 3122 55
237 3056 365 3121 libertas
386 3055 504 3119 arbitrii
520 3055 635 3137 duplici
655 3055 827 3120 ministerio
842 3057 982 3138 praedita
997 3060 1055 3137 cst,
1079 3075 1162 3121 nnno
1177 3056 1216 3121 ad
1233 3058 1378 3137 salutem,

237 3179 321 3225 nunc
343 3160 381 3223 ad
403 3159 611 3242 perditionem
634 3161 681 3223 sui
704 3165 849 3243 prompta
872 3165 928 3224 est.
969 3161 1023 3225 sed
1046 3160 1186 3245 opponis,
1218 3162 1300 3243 quod
1323 3180 1379 3227 uo-

237 3264 367 3328 luntatis
396 3262 524 3327 libertas
556 3264 630 3327 solis
661 3267 808 3347 conpetat
838 3263 1006 3328 liberandis
1038 3269 1069 3328 et
1098 3266 1130 3329 in
1153 3266 1377 3349 redemptionis

237 3366 386 3433 beneficio
409 3368 595 3431 constitutis
631 3384 693 3431 non
724 3369 768 3431 ita
799 3372 856 3432 est.
890 3368 1032 3433 liberatio
1056 3370 1095 3433 ad
1119 3369 1234 3434 donum
1258 3372 1378 3453 gratiae

239 3476 271 3536 ct
301 3472 339 3535 ad
368 3473 562 3554 propositum
593 3474 815 3536 consentientis
846 3474 981 3555 pertinet
1010 3474 1109 3554 uitae,
1143 3474 1273 3539 libertas
1303 3493 1378 3539 uero

187 3602 213 3642 eo
239 3575 358 3640 arbitrii
372 3595 435 3641 non
451 3579 499 3640 est
513 3596 564 3641 res
580 3577 755 3640 accedentis
772 3576 964 3641 munificent
941 3580 1013 3657 trae,
1038 3579 1092 3642 scd
1109 3582 1248 3643 naturae.
1283 3597 1379 3661 quae-

240 3679 381 3744 rentibus
412 3680 467 3745 illa
496 3681 546 3744 uel
576 3679 722 3745 tribuitm
752 3682 803 3745 uel
827 3685 1027 3746 conseruatur
1030 3684 1164 3762 ,etiam
1191 3699 1254 3749 non
1275 3684 1379 3765 requi·

271 3870 371 3943 ι]
388 3870 431 3924 Ps.
448 3873 525 3934 155.
581 3872 625 3940 15]
644 3872 760 3935 noma
776 3875 814 3927 15.

281 4036 471 4103 2utramquae
484 4036 512 4089 P
562 4037 757 4092 honestatemo
810 4036 966 4093 tundaturo
1019 4040 1155 4107 litequae
1170 4040 1197 4093 P
1246 4036 1380 4095 fincxitP

239 4146 387 4216 singilatim
405 4149 432 4202 P
502 4149 679 4205 aemonae
752 4153 783 4206 10
802 4166 850 4203 nec
869 4152 896 4205 P
964 4151 1080 4219 peccaris
1104 4153 1131 4207 P
1199 4153 1331 4206 ammonit
1353 4154 1380 4207 P

241 4236 322 4288 ldet
310 4235 421 4291 teoracia
443 4236 544 4290 1551551
615 4239 698 4291 liat
670 4241 765 4304 atquae
790 4238 817 4291 P
885 4238 918 4292 23
941 4238 1054 4291 trahunt
1076 4240 1104 4292 P
1171 4241 1205 4293 26
1227 4244 1334 4307 promta
1353 4240 1380 4293 P

237 4322 270 4374 27
288 4320 347 4373 solii
366 4322 394 4375 P
443 4321 587 4381 liberandis
606 4327 773 4392 competato
829 4326 863 4378 30
882 4324 1027 4377 accidentis
1046 4326 1073 4379 P
1123 4328 1156 4380 31
1175 4324 1285 4380 illamo
