3100 4892
649 422 889 490 Prolegomcna.
1269 425 1338 478 XIII

198 596 340 680 proprias
369 596 527 661 exhibens,
573 616 633 679 quo
659 602 750 679 pacto
777 603 882 663 autem
906 618 1013 665 omnes
1037 600 1106 664 libri
1133 599 1378 691 manuscripti⁸

198 704 326 784 praeter
351 721 450 766 unum
472 702 633 767 Paschasii
661 703 782 768 diaconi
808 722 883 788 prae
910 725 943 768 se
971 705 1073 769 ferant
1095 723 1219 786 nomen,
1246 706 1337 770 facile

197 806 268 870 loco
292 806 425 887 quodam
449 805 588 890 Gregorii
611 807 720 891 Magni
744 809 923 891 explicatur,
946 809 999 890 qui
1021 810 1053 874 in
1075 809 1198 893 Dialog.
1214 809 1338 874 111140

197 909 388 974 haecdicit:
420 908 552 988 audiui,
580 910 665 994 quod
687 910 883 984 Paschasius
907 911 1007 974 baius
1030 911 1224 997 apostolicae
1251 912 1336 976 50οἰ0

199 1013 359 1078 diaconus
390 1013 506 1098 (floruit
528 1034 608 1081 anno
631 1017 695 1080 fere
718 1015 807 1100 500),
837 1015 950 1078 caius
978 1016 1083 1102 apud
1111 1038 1177 1080 aoe
1207 1018 1336 1081 rectis·

197 1119 341 1183 simiel
357 1117 550 1183 luculenti
574 1119 617 1183 de
639 1119 791 1206 spirita
813 1131 945 1184 coacto
970 1119 1069 1184 libri
1091 1132 1256 1200 enatant,
1278 1123 1336 1186 ori-

199 1245 259 1287 rae
293 1222 475 1288 sanctitatis
510 1224 568 1288 air
595 1223 737 1309 fucrit.¹
766 1226 830 1290 iam
865 1227 893 1290 si
928 1227 1132 1292 statuerimus
1166 1229 1197 1292 in
1232 1228 1336 1292 codice

197 1329 367 1414 archetypo
399 1348 505 1395 eorum
538 1329 702 1410 librorum,
737 1331 769 1395 in
803 1330 916 1412 quibus
947 1331 1109 1396 Paschaeii
1144 1351 1257 1397 nomeu
1291 1333 1336 1396 10-

196 1433 347 1519 gentibus
370 1435 514 1516 ocourrit,
542 1435 651 1500 Fausti
678 1453 794 1500 nomen
821 1440 876 1500 aut
902 1437 1032 1500 consilio
1059 1440 1166 1520 utpote
1188 1438 1336 1502 haeretici

196 1544 255 1604 aut
276 1558 351 1604 casu
374 1540 524 1604 omissum
553 1541 660 1620 fuisse,
687 1540 847 1604 Paschasii
876 1559 1000 1622 nomen,
1028 1542 1115 1606 cuius
1143 1543 1335 1607 mentionem

195 1644 310 1709 fecisse
346 1644 695 1709 honorificentissimam
728 1643 913 1728 Gregorium
951 1645 1104 1729 Magnum
1142 1647 1337 1711 meminisset

195 1749 353 1829 librarius,
377 1749 573 1832 suppositum
598 1768 666 1814 esse
690 1767 750 1813 nou
775 1749 844 1828 erit,
868 1750 950 1830 quod
972 1751 1130 1814 miremur.
1169 1751 1224 1815 sed
1246 1752 1336 1835 plura

194 1854 235 1918 de
264 1853 323 1917 hac
348 1873 381 1916 re
409 1853 638 1935 disputauimus
666 1854 698 1917 in
727 1853 837 1918 studiis
865 1855 979 1918 nostris
1010 1855 1047 1918 de
1075 1855 1183 1920 Fausti
1213 1856 1335 1938 scriptis

193 1979 225 2042 p.
244 1955 382 2020 28-46.
775 2039 779 2048 Ι

239 2061 351 2128 Libros
375 2063 412 2126 dc
436 2063 546 2146 spiritu
570 2065 677 2128 sancto
700 2081 718 2127 a
739 2062 855 2128 Fausto
879 2064 984 2128 exsule
1007 2064 1138 2146 scriptos
1162 2083 1230 2128 esse
1250 2063 1335 2129 Krn·

194 2168 303 2234 schius
325 2167 467 2248 coniecit,
494 2167 576 2249 quod
603 2169 689 2232 locus
718 2168 843 2250 quidam
866 2169 1068 2252 praefationis
1092 2188 1164 2234 oum
1192 2170 1334 2253 epistulis

194 2272 236 2337 ab
267 2273 371 2337 exsule
394 2273 473 2336 datis
496 2271 560 2359 fere
584 2272 793 2337 concordaret.
836 2273 892 2351 sed
923 2274 1006 2337 locos
1034 2274 1237 2357 epistularum
1264 2275 1334 2340 illos

194 2377 306 2442 eodem
326 2381 416 2460 paeto
432 2395 468 2440 or
483 2377 674 2460 praelatione
698 2378 866 2460 exscriptos
890 2397 959 2442 osse
981 2396 1073 2462 posse
1095 2379 1146 2443 uix
1169 2380 1333 2461 quisquam

192 2483 369 2566 negauerit,
398 2485 428 2546 et
450 2481 602 2546 Faustum
626 2501 733 2547 senem
761 2483 976 2566 grandaeuum
1005 2481 1056 2565 (en
1078 2487 1185 2548 nostra
1208 2502 1336 2567 compu-

193 2587 316 2652 tatione
338 2586 402 2651 fere
426 2585 716 2671 septuagenarium)
739 2590 863 2651 tantum
885 2605 962 2669 opus
984 2588 1154 2653 confecisse
1175 2588 1253 2652 mihi
1273 2606 1335 2653 non

193 2692 379 2776 persuadeo,
398 2693 495 2757 immo
511 2693 567 2756 hos
584 2691 678 2757 libros
694 2691 781 2775 prius
797 2710 892 2773 quam
911 2691 1008 2756 libros
1029 2692 1067 2756 dc
1086 2694 1188 2776 gratia
1204 2693 1334 2777 scriptos

194 2815 331 2878 eamque
354 2795 393 2860 ob
417 2815 483 2860 rem
507 2814 525 2860 a
548 2795 708 2860 Geunadio
731 2796 834 2880 priore
857 2797 923 2861 loeo
947 2797 1058 2861 allatos
1082 2816 1150 2861 esse
1172 2801 1258 2881 puto.

239 2899 381 2966 Secundo
404 2901 471 2966 loco
495 2899 674 2966 Gennadius
698 2901 806 2965 laudat
827 2919 905 2984 opus
932 2901 975 2965 00
1002 2902 1139 2985 gratia,
1166 2902 1247 2992 qnod
1274 2921 1336 2984 qua

193 3007 233 3070 de
259 3023 353 3070 causa
375 3005 526 3088 scriptum
551 3006 600 3086 sit,
624 3006 699 3070 satis
722 3009 806 3071 corto
831 3006 955 3071 seimus.
995 3005 1129 3070 lucidus
1156 3007 1239 3070 enim
1267 3008 1335 3088 qui-

193 3113 271 3176 dam
298 3110 460 3193 presbyter
486 3111 520 3174 in
547 3111 650 3184 uarios
679 3110 716 3173 de
742 3111 1024 3194 praedestinatione
1052 3110 1101 3173 dei
1124 3128 1242 3174 errores
1265 3128 1335 3193 pro-

192 3217 315 3299 lapsuS,
338 3233 529 3297 quamquam
553 3214 688 3278 Faustus
712 3231 784 3278 eum
803 3233 959 3297 proeaees
982 3211 1139 3276 multost
1162 3211 1284 3276 blanda
1307 3223 1336 3276 et

193 3317 319 3383 bamili
345 3316 564 3382 conlocatione
587 3339 764 3406 numquam
783 3317 894 3403 potnit
916 3315 962 3379 ad
988 3317 1080 3382 uiam
1102 3317 1256 3380 ueritatis
1279 3317 1335 3380 ad·

193 3425 337 3500 trabere,
364 3425 493 3503 ueritus,
522 3443 561 3487 ne
589 3424 705 3488 summi
732 3424 888 3487 antistites
917 3442 950 3486 se
977 3422 1016 3486 ab
1045 3423 1164 3487 unitate
1187 3423 1335 3487 ecclcsiae

78 3537 80 3540 ’
192 3529 437 3612 suspenderent,
460 3529 559 3610 petiit,
582 3530 620 3592 nt
641 3547 695 3611 per
711 3528 831 3592 litteras
848 3527 886 3590 de
906 3528 1017 3610 gratia,
1039 3527 1113 3609 quid
1132 3526 1334 3592 statuendum

192 3637 292 3713 esset,
317 3651 335 3697 a
356 3633 473 3697 Fausto
497 3633 685 3698 edoceretur.
720 3633 768 3696 oui
792 3630 942 3696 desiderio
967 3631 1120 3696 satisfecit
1141 3632 1276 3696 Faustus
1304 3635 1336 3695 et

190 3741 319 3805 litteras
342 3737 426 3802 dedit
449 3737 488 3802 ad
510 3737 662 3800 Lucidum
689 3738 858 3800 recensitas
881 3755 900 3799 a
922 3734 1012 3801 nobis
1034 3756 1064 3818 p.
1084 3735 1143 3798 161
1161 3755 1240 3818 sqq,
1268 3736 1335 3817 qui-

190 3844 256 3908 bus
284 3841 337 3906 ille
364 3841 503 3924 exposita
530 3841 669 3905 doctrina
696 3840 849 3904 catholica
880 3839 1075 3920 admonetur,
1105 3840 1274 3904 utstatim
1301 3859 1335 3904 se

189 3951 251 4014 aut
273 3947 409 4029 recipere
432 3949 487 4010 aut
508 3933 655 4028 respuere
679 3963 749 4009 eam
771 3944 972 4027 respondeat:
1007 3961 1102 4026 quam
1125 3944 1178 4025 qui
1200 3962 1263 4008 non
1286 3963 1335 4008 sc-

188 4055 321 4138 quatur,
350 4051 478 4135 dignum
502 4069 563 4114 nou
587 4069 666 4130 esse,
695 4050 747 4132 qui
769 4049 802 4112 in
825 4048 975 4112 ecclesiae
997 4048 1115 4131 gremio
1142 4052 1332 4133 parmaneat.

188 4158 283 4225 addit
306 4155 440 4220 Faustus
464 4174 496 4218 se
520 4155 676 4236 exemplar
703 4154 856 4237 epistulae
882 4153 1016 4217 retinere
1043 4156 1085 4234 et,
1113 4153 1173 4218 nisi
1199 4152 1333 4216 Lucidus

188 4260 366 4346 epistulam
382 4259 590 4342 subscriptam
607 4277 677 4322 mou
698 4260 850 4337 remittat,
871 4257 954 4322 illius
970 4275 1097 4322 causam
1114 4258 1154 4321 ad
1169 4257 1334 4322 concilium

187 4365 374 4433 antist'tum
396 4364 571 4428 delaturum
595 4383 663 4426 esse
688 4360 967 4446 (p.164,lsqq.).
