3100 4892
263 430 325 493 144
646 429 680 482 ΙΙ.
701 431 744 483 De
762 429 883 498 spiritu
902 432 1015 483 sancto

260 607 379 688 ipsum
403 604 543 669 obtulit
565 605 835 670 inmaculatum
859 605 937 686 deo,
969 606 1150 670 etiterum:
1181 606 1319 670 caritas
1342 606 1398 669 dei

260 709 402 773 diffusa
429 712 486 773 est
507 709 545 773 in
567 709 742 774 cordibus
765 712 907 774 nostris
928 729 991 794 per
1014 710 1190 793 spiritum
1213 714 1397 790 sanctum,

260 815 322 896 qni
352 813 461 878 datus
491 817 549 877 est
574 812 691 878 nobis.
736 831 811 878 uam
841 813 900 878 etsi
931 813 968 877 de
991 817 1079 897 patre
1101 814 1332 898 intellegamus
1363 833 1398 878 er

259 919 327 1000 ipso
358 921 390 982 et
420 936 456 982 ex
486 917 597 1001 spiritu
625 921 733 983 sancto
757 917 876 982 dictum
900 918 1042 983 similiter
1065 919 1187 1002 saepius
1209 919 1398 998 inuenimuS,

220 1022 342 1089 seiont
370 1023 403 1086 in
426 1021 576 1086 Iohannis
605 1021 767 1106 euangelio
791 1021 957 1086 habemus:
989 1023 1085 1104 qnod
1114 1025 1242 1088 netum
1272 1026 1330 1088 est
1359 1041 1399 1086 eu

259 1144 385 1208 carne,
408 1144 492 1190 caro
515 1130 645 1208 estet,
668 1126 766 1208 quod
789 1129 916 1191 natum
937 1130 993 1191 est
1009 1145 1050 1191 ex
1066 1126 1218 1210 spiritu,
1243 1127 1399 1209 spiritus

260 1234 332 1311 est,
363 1234 395 1295 et
420 1232 453 1296 in
479 1231 676 1296 conclusione
699 1230 840 1314 capituli:
872 1232 925 1295 sic
954 1234 1011 1296 est
1033 1232 1168 1312 omnia,
1198 1231 1309 1313 iuquit,
1337 1230 1399 1312 qui

259 1338 370 1400 uatus
393 1339 451 1400 est
472 1355 513 1400 ex
536 1334 684 1418 spiritu.
1203 1349 1206 1354 ·

303 1438 352 1505 Sic
375 1457 448 1524 ergo
471 1458 535 1505 uon
556 1439 747 1523 praeiudicat
770 1440 893 1523 spiritui
915 1442 1033 1520 sancto,
1056 1457 1129 1504 cum
1149 1457 1317 1523 suppresso
1333 1439 1399 1503 eius

208 1573 234 1611 ιο
261 1545 387 1609 nomine
417 1547 514 1628 patris
545 1562 582 1608 ae
611 1543 668 1608 filii
697 1562 791 1629 opera
821 1549 1116 1625 commemorantur,
1147 1544 1228 1608 sicut
1257 1547 1346 1628 pater
1369 1547 1401 1608 et

259 1647 343 1714 filins
365 1666 428 1714 uon
451 1653 616 1733 negantur,
639 1649 762 1731 quando
785 1649 959 1732 specialiter
982 1649 1110 1732 spiritus
1134 1649 1235 1713 sancti
1250 1666 1328 1730 opus
1344 1651 1401 1712 aut

261 1753 361 1817 uirtus
393 1754 552 1834 asseritur,
584 1754 667 1818 sicut
695 1753 831 1837 legimns
862 1753 895 1817 in
925 1753 1045 1817 actibus
1076 1753 1302 1836 apostolorum:
1334 1770 1401 1816 uos

259 1856 546 1940 baptizabimini
568 1858 707 1940 spiritu
729 1861 860 1923 sancto
883 1876 953 1923 nou
973 1861 1057 1941 post
1072 1857 1210 1922 multos
1225 1857 1290 1921 hos
1308 1857 1400 1936 dies,

144 2004 147 2009 ,
259 1961 342 2025 sicut
368 1961 455 2026 etin
478 1962 640 2046 euangelio
663 1962 702 2026 de
724 1962 876 2046 singulari
897 1980 1030 2046 persona
1053 1961 1151 2026 sancti
1174 1961 1302 2044 spiritus
1325 1977 1402 2026 cou-

208 2094 232 2132 rs
259 2066 390 2130 tinetnr:
428 2066 504 2130 uisi
537 2067 619 2148 quis
653 2069 806 2131 renatus
841 2067 956 2132 fuerit
989 2085 1031 2130 er
1064 2083 1165 2149 aqua·
1192 2069 1228 2130 et
1261 2065 1401 2149 spiritu

258 2173 405 2251 sancto,
428 2179 499 2234 no'n
521 2173 647 2253 potest
668 2171 813 2235 intrare
835 2171 872 2235 iu
894 2189 1048 2255 regnum
1071 2170 1138 2234 dei.
1173 2170 1324 2252 numquid
1339 2170 1401 2234 hoc

257 2275 325 2340 loco
347 2278 437 2356 pater
460 2277 492 2338 et
513 2274 606 2355 lilius,
629 2274 704 2356 quia
726 2275 855 2340 minime
875 2275 1085 2356 nominantur,
1110 2277 1198 2339 tauto
1219 2292 1255 2339 ao
1270 2277 1335 2338 tam
1355 2274 1402 2338 di·

258 2381 330 2445 uino
361 2380 484 2443 muneri
512 2379 648 2444 defuisse
677 2379 863 2444 credentur?
897 2398 960 2445 non
989 2381 1033 2444 ita
1062 2382 1119 2444 est.
1175 2397 1249 2443 nam
1280 2379 1402 2461 absque

258 2484 352 2548 dnbio
376 2501 448 2547 curn
471 2487 579 2548 sancto
601 2483 724 2567 spiritu,
749 2502 821 2548 cum
841 2501 902 2565 quo
919 2485 962 2548 eis
978 2501 1041 2548 una
1056 2483 1234 2548 substantia
1249 2485 1306 2562 est,
1331 2501 1402 2566 mp-

205 2615 232 2652 so
258 2588 360 2652 steriis
380 2587 594 2670 benificiisque
614 2589 787 2672 iunguntur
807 2607 852 2670 ao,
873 2589 900 2652 si
920 2607 982 2653 non
998 2587 1304 2668 commemoratione,
1329 2588 1403 2652 nui-

257 2695 322 2757 tate
345 2696 450 2757 tamen
474 2693 599 2775 pietatis
623 2696 716 2774 atque
739 2693 840 2776 operis
863 2695 1112 2776 praesentantur.

806 2884 843 2948 V.

258 3025 413 3087 osiacum,
437 3027 522 3076 0001)
546 3027 649 3070 suario
671 3029 753 3086 ILLE,
782 3027 869 3076 Quum
892 3027 1043 3070 amemus:
1075 3027 1136 3070 msl
1160 3027 1231 3076 Quis
1254 3027 1403 3071 munus

257 3115 373 3157 nummu·
394 3115 435 3156 EX
458 3114 544 3164 AQUA
567 3116 608 3155 ΕΤ
624 3115 745 3157 δΡΙΒῙΤῐ]
761 3114 892 3174 SANOTO,
914 3113 1024 3164 AQUAM
1040 3114 1177 3157 Paulum<
1192 3114 1233 3156 ET
1249 3115 1404 3159 SPIRITUM

204 3206 230 3245 25
503 3201 646 3243 SANCTUM
670 3201 861 3244 cananum
884 3201 959 3244 ESSE
982 3202 1154 3244 TESTA'PUB.
1225 3218 1228 3224 ·

301 3318 361 3385 Sed
384 3318 474 3383 dicis:
497 3319 529 3382 iu
553 3323 677 3383 tautum
700 3322 843 3384 creatura
865 3323 913 3385 est
935 3320 1061 3403 spiritus
1085 3323 1223 3401 sanctus,
1247 3323 1283 3384 ut
1298 3338 1405 3403 aquae

257 3425 423 3505 elemento,
454 3442 533 3506 qnae
555 3423 606 3487 hic
628 3423 729 3508 primo
751 3424 818 3489 loco
842 3427 935 3506 atque
958 3423 1064 3488 ordine
1086 3424 1222 3508 ponitur,
1252 3424 1405 3490 uideatur

361 3561 389 3631 1]
407 3561 484 3616 Rom.
497 3564 522 3627 5,
534 3565 558 3618 5.
621 3561 649 3631 5]
668 3561 760 3616 Ioann.
773 3564 798 3624 3,
811 3563 835 3617 6.
912 3561 940 3631 7]
958 3560 1050 3616 loann.
1065 3563 1089 3626 3,
1102 3563 1125 3619 Β.
1198 3562 1242 3631 12]
1261 3561 1324 3620 Act.
1339 3565 1366 3628 1,
1379 3566 1406 3620 5.

259 3647 303 3717 15]
322 3648 414 3703 Ioann.
426 3650 452 3714 3,
464 3651 488 3704 5.

305 3778 496 3846 neptunum
541 3777 641 3833 naseas
654 3779 682 3833 P
722 3777 1019 3849 asperrumprpsume
1062 3781 1194 3836 aestum.
1208 3780 1236 3834 P
1283 3745 1365 3836 lours
1379 3783 1408 3837 P

258 3891 281 3944 si
300 3893 360 3946 eto
424 3859 600 3959 intelligimus
618 3891 646 3945 P
704 3893 842 3962 4saepius
861 3911 946 3950 om.v
1003 3892 1179 3963 5habemus]
1197 3893 1358 3948 innenimns
1377 3897 1407 3952 R

258 3980 299 4031 est
312 3984 377 4047 post
395 3979 488 4030 natum
505 3996 556 4034 om.
569 3978 597 4032 P
648 3977 770 4047 linquit
788 3997 868 4036 omo
920 3981 996 4036 8eet
1013 3997 1064 4037 orn.
1079 3981 1107 4035 P
1159 3982 1190 4036 11
1210 3982 1329 4048 negatur
1349 3983 1407 4038 PR

259 4067 366 4118 sanctus
380 4064 432 4166 P‘¹
457 4063 516 4132 aut]
535 4079 565 4117 ac
578 4064 606 4118 P
657 4065 689 4120 13
707 4065 736 4118 iu
753 4073 816 4122 ante
833 4066 929 4134 spiritu
947 4067 1011 4122 cdd.
1026 4067 1053 4122 P
1107 4068 1139 4122 14
1157 4066 1268 4137 spiritus
1281 4071 1406 4126 sanctio

260 4180 292 4231 lo
319 4177 433 4245 nonqnit
455 4177 483 4230 P
553 4179 585 4233 18
613 4192 721 4231 munere
744 4179 813 4234 P¹R
884 4183 916 4236 19
941 4195 1002 4234 cum
1030 4179 1133 4249 sancto]
1160 4180 1225 4235 dum
1253 4185 1352 4237 sancto
1379 4185 1408 4238 P

257 4289 396 4356 spirituiv
460 4289 741 4359 acceleransque
804 4306 834 4344 aa
852 4291 887 4361 si]
905 4293 988 4348 esre
1052 4295 1083 4348 m
1107 4259 1297 4362 presentium
1319 4297 1350 4354 R
1373 4299 1405 4366 (n

257 4395 328 4432 oran.
343 4378 401 4443 alt.)
454 4378 747 4448 assecuratione
765 4380 1187 4450 capiuntommprocnciptionee
1205 4381 1357 4442 denootn
1376 4385 1406 4442 R
