3100 4892
242 390 304 454 246
689 387 753 442 1111.
773 387 884 441 Sermo
903 388 926 441 6.

241 569 273 629 et
294 565 402 629 oculus
425 582 496 628 cum
520 563 608 627 111111
632 563 787 646 quomodo
809 565 913 646 potest
935 562 1039 626 uidere
1061 561 1229 626 fistucam?
1267 560 1384 640 nascio,

242 686 302 752 quo
325 669 426 733 fronte
450 668 508 733 sub
531 685 586 732 ora
607 667 794 731 irascentem
818 667 1025 750 reprehendit,
1049 667 1101 748 qui
1113 666 1219 730 odium
1242 665 1276 729 in
1292 665 1386 730 corde

240 777 389 838 reseruat.
422 772 474 854 qui
495 771 553 835 sub
570 789 623 836 ora
645 771 788 836 irascitur
807 774 839 835 ct
854 771 914 834 cito
937 771 1082 835 irascitur
1098 773 1130 835 et
1144 771 1205 835 cito
1228 771 1384 853 placatur,

240 877 384 942 fistucam
411 877 536 960 quidem
563 876 708 966 incurrit,
745 875 801 940 sed
831 876 937 939 statim
971 893 1026 958 per
1058 876 1287 958 paenitentiam
1315 892 1385 938 eam

203 1009 216 1049 1
243 983 383 1047 abstulit.
431 981 484 1063 qui
507 999 581 1046 uero
605 981 711 1045 odium
732 980 882 1064 perlongo
903 982 1045 1063 tempore
1068 980 1100 1044 in
1123 979 1215 1044 corde
1238 979 1387 1058 1111111111,

240 1087 406 1151 nutriendo
433 1085 578 1151 fistucam
601 1085 633 1149 in
663 1085 786 1149 trabem
816 1084 978 1149 conuertit.
1018 1083 1124 1149 trabes
1155 1087 1204 1148 est
1232 1084 1267 1148 in
1297 1084 1389 1147 oculo

242 1195 305 1272 tuo,
337 1193 409 1272 qnia
438 1189 583 1254 fistucam
618 1188 661 1254 ibi
691 1192 798 1253 natam
836 1189 944 1253 statim
977 1189 1086 1254 1111111
1121 1188 1257 1253 noluisti.
1313 1206 1387 1252 cum

241 1296 295 1360 iila
321 1295 473 1374 dormisti,
496 1311 568 1358 cum
591 1294 645 1358 illa
668 1293 843 1374 surrexisti,
872 1310 942 1357 eam
969 1293 1001 1357 in
1031 1296 1063 1357 te
1085 1293 1190 1376 ipsum
1213 1292 1388 1371 excoluisti,

193 1431 194 1434 ¹
242 1399 330 1462 falsis
354 1397 582 1482 suspicionibus
605 1397 757 1481 inrigasti,
781 1396 879 1461 uerba
901 1397 1096 1462 admuntium
1119 1401 1151 1461 et
1173 1397 1211 1461 ad
1234 1400 1266 1460 te
1290 1395 1390 1460 uerba

191 1529 216 1568 ιο
243 1502 327 1566 mala
358 1501 395 1566 de
426 1503 525 1566 amico
557 1501 764 1566 deferentium
794 1501 947 1566 credendo
978 1501 1116 1582 nutristi,
1146 1500 1292 1565 fistucam
1323 1519 1388 1565 non

243 1606 387 1671 euulsisti
410 1606 570 1690 diligentia
592 1609 656 1687 tua,
680 1605 803 1670 trabem
826 1607 936 1671 iecisti.

286 1709 374 1774 Tolle
393 1709 513 1775 trabem
537 1711 576 1774 de
598 1711 687 1774 oculo
711 1713 775 1791 tuo,
799 1711 863 1776 noli
885 1711 979 1775 odire.
1024 1711 1156 1774 1111111111
1177 1714 1270 1774 tunm
1292 1727 1390 1793 expa-

243 1815 344 1879 uescie
368 1833 493 1879 annon
518 1815 719 1899 expauescis?
750 1816 818 1880 dico
840 1816 907 1896 tibi,
936 1815 1000 1879 noli
1022 1815 1107 1879 odire
1129 1819 1161 1878 et
1188 1833 1317 1879 securus
1343 1834 1386 1879 11.

242 1919 411 2003 respondes
442 1923 474 1984 et
504 1919 578 1984 dicis
607 1920 699 1984 mihi:
739 1921 814 2002 quid
844 1924 894 1984 est
922 1920 1025 1984 odisse
1055 1923 1087 1983 et
1115 1919 1189 2001 quid
1219 1919 1297 1983 mali
1328 1924 1388 1999 est,

191 2052 216 2091 rs
244 2023 325 2106 quod
353 2023 419 2088 odit
447 2024 540 2088 homo
572 2024 732 2088 inimicum
761 2026 876 2088 snum?
920 2024 1011 2089 odisti
1041 2023 1171 2088 fratrem
1201 2027 1304 2104 tuum,
1334 2023 1391 2087 sed

242 2127 348 2192 odium
364 2128 548 2192 contemnis.
574 2129 646 2192 audi
662 2129 802 2193 diuinam
824 2129 1026 2211 scripturamz
1050 2129 1113 2211 qui
1128 2128 1207 2193 odit
1228 2128 1390 2193 fratrem

242 2250 364 2313 suum,
389 2231 577 2296 homicida
600 2236 664 2296 est.
712 2251 785 2316 ergo
813 2235 840 2298 si
867 2233 1024 2298 homicida
1049 2236 1108 2313 est,
1138 2249 1201 2296 non
1227 2249 1388 2297 uenenum

242 2337 371 2419 parasti,
394 2354 456 2400 non
473 2337 513 2400 ad
535 2337 773 2421 percutiendum
797 2337 958 2401 inimicum
974 2355 1047 2401 cum
1069 2337 1173 2420 gladio
1195 2337 1390 2420 processisti,

243 2460 305 2507 non
328 2441 510 2507 ministrum
538 2443 663 2507 sceleris
691 2443 895 2526 praeparasti,
925 2459 988 2506 non
1018 2443 1132 2523 locum,
1159 2459 1223 2506 non
1250 2447 1388 2526 tempus,

191 2575 217 2614 ao
243 2549 439 2629 postremum
462 2547 567 2630 ipsum
590 2548 691 2611 scelus
715 2564 776 2611 non
800 2547 912 2627 fecisti,
935 2550 1060 2611 tantum
1082 2547 1177 2612 odisti
1192 2551 1224 2611 et
1244 2547 1333 2629 prius
1357 2551 1390 2612 11

244 2669 338 2732 quam
361 2651 450 2715 illum
473 2651 620 2715 occidisti.
667 2652 750 2716 disce
774 2670 848 2734 ergo
871 2652 1035 2732 iustitiam,
1058 2655 1180 2715 utnon
1202 2651 1303 2715 oderis
1327 2651 1390 2717 nisi

243 2755 321 2819 uitia
343 2753 488 2820 hominis.
531 2756 590 2819 hoc
613 2756 640 2819 si
662 2756 825 2820 tenueritis
849 2759 880 2819 ot
902 2755 983 2820 hanc
1003 2756 1157 2820 iustitiam
1181 2755 1328 2836 feceritis,
1354 2759 1391 2821 ut

243 2859 385 2923 homines
409 2859 504 2923 etiam
528 2859 656 2926 uitiosos
680 2878 792 2924 sanare
823 2859 939 2924 malitis
966 2861 1070 2942 potius
1101 2877 1196 2942 quam
1226 2860 1390 2940 damnare,

244 2965 317 3027 ante
344 2962 482 3028 tribunal
505 2965 623 3029 aeterni
646 2965 754 3028 iudicis
778 2982 841 3029 non
867 2983 924 3048 pro
947 2964 1016 3029 odio
1039 2964 1219 3045 damnandi,
1247 2965 1302 3028 sed
1330 2982 1389 3048 pro

192 3093 217 3133 2⁵
244 3067 373 3132 caritate
395 3069 446 3132 1111
469 3086 546 3152 pace
567 3069 733 3133 coronandi
756 3069 889 3134 feliciter
904 3069 1037 3132 uenietis
1060 3072 1240 3151 praestante
1260 3068 1389 3134 domino

244 3176 350 3237 nostro
379 3173 451 3236 Iesu
480 3172 613 3254 Christo,
644 3174 697 3255 qui
724 3173 805 3237 uiuit
834 3178 866 3237 11
894 3176 1007 3256 regnat
1037 3191 1109 3237 cum
1139 3176 1228 3256 patre
1255 3174 1389 3238 etcum

244 3278 354 3361 spiritu
378 3280 486 3342 sancto
509 3278 542 3341 in
566 3278 690 3342 saecula
713 3278 918 3342 saeculorum.
950 3276 1065 3341 Amen.

349 3449 392 3518 16]
413 3453 426 3504 1
446 3449 631 3514 Ioann.3,15.

288 3613 419 3670 1111111111
433 3615 462 3668 D
515 3614 726 3670 nescio-tta.6
738 3614 872 3668 conuertit
884 3633 935 3669 om.
949 3617 1020 3683 ⁴top.
1069 3615 1161 3684 aquo]
1175 3616 1205 3669 D
1250 3614 1390 3670 adoran

244 3703 388 3756 irascaetur
406 3702 436 3756 D
453 3703 637 3771 (primatem)
689 3701 874 3770 tpcnitentii
891 3702 920 3755 D
971 3701 1164 3772 5plougoD
1216 3705 1345 3780 inatum
1359 3705 1390 3758 D

244 3813 338 3883 8ipsd
357 3815 393 3882 D,
411 3813 468 3883 ipso
481 3817 552 3885 dap.
606 3813 805 3870 9adolentium
823 3815 853 3870 D
906 3819 939 3871 lo
958 3813 1115 3869 defferentid
1132 3816 1163 3870 D
1216 3817 1249 3871 la
1266 3781 1345 3869 edere
1358 3817 1389 3871 D

244 3917 321 3954 suum
340 3903 369 3955 D
439 3901 584 3970 expauisois
603 3904 633 3956 D
649 3907 761 3971 utroque
780 3903 836 3958 loco
909 3904 941 3957 14
964 3901 1101 3971 respondis
1123 3902 1153 3956 D
1223 3900 1287 3955 mali
1304 3904 1387 3972 Assy,

244 3986 312 4041 made
335 3989 365 4041 D
436 3991 467 4043 15
496 3987 554 4056 sed]
583 3989 606 4041 si
629 3989 692 4043 odd.
710 3990 782 4058 Aap.
860 3991 893 4044 16
918 3986 1031 4042 hodium
1059 3990 1089 4043 D
1164 3987 1329 4057 conmmpnia
1357 3989 1389 4044 D

246 4077 276 4130 17
301 4073 450 4144 ergo-ert]
474 4075 519 4141 qui
542 4074 606 4138 odit,
629 4074 765 4128 homicida
787 4080 835 4128 est.
863 4074 995 4143 numquid
1013 4075 1093 4129 modo
1111 4077 1186 4144 potes
1204 4073 1303 4129 dicere:
1320 4075 1387 4143 quid

244 4159 278 4214 ad
297 4177 347 4224 me,
365 4166 397 4215 ut
414 4160 551 4214 homicida
568 4161 638 4214 sim?
656 4162 701 4228 qui
721 4161 786 4226 odit,
805 4161 939 4216 homicida
957 4164 999 4216 est
1015 4164 1087 4232 Aop.
1139 4165 1172 4219 19
1190 4177 1243 4215 non
1261 4161 1387 4216 locum-

244 4251 349 4300 tantum
381 4246 462 4302 odisti
492 4249 555 4302 odd.
579 4249 608 4302 D
635 4251 666 4302 ia
692 4266 775 4318 morp.
800 4267 858 4318 sap.
939 4251 973 4305 23
1001 4249 1117 4305 malletis
1144 4251 1173 4306 D
1241 4248 1334 4321 patius
1357 4249 1388 4305 D

246 4332 390 4404 dampnare
412 4335 442 4390 D
496 4337 529 4391 24
548 4335 646 4388 eternis
665 4335 694 4391 D
747 4333 910 4404 dampnandi
928 4337 958 4394 D
