3100 4892
628 426 871 496 Prolegomena
1259 428 1334 482 XXV

115 599 118 604 '
192 602 356 684 episcopus
380 602 481 666 factus
505 605 563 682 est,
591 603 629 666 ef.
647 601 744 667 uerba
766 603 918 685 epistulae
942 604 1069 686 quintae
1091 623 1110 667 1
1132 604 1247 669 Fausto
1275 607 1334 668 sci-

190 707 266 770 lieet
281 725 380 788 nuper
395 706 522 770 demum
539 725 663 770 reuerso
679 706 719 772 ad
730 707 892 772 Ruricium
908 707 999 772 modo
1016 708 1197 792 episcopum
1213 709 1332 774 factum

162 863 165 868 .
192 810 285 874 datae
307 829 337 893 p.
354 807 429 890 218,
448 809 501 873 17:
528 810 654 896 quatias
678 809 724 874 ad
746 831 815 888 uos,
839 809 917 874 dum
938 809 1032 874 uobis
1055 811 1094 874 dc
1115 811 1231 896 patria
1251 812 1334 874 scri-
1356 877 1360 888 ,

193 911 310 990 bimus,
330 912 388 998 qui
402 911 495 976 nobis
506 913 655 999 patriam
671 913 706 976 iu
718 914 983 1000 pereqrinatione
999 914 1131 1001 fecistis
1148 962 1155 978 .
1173 966 1180 979 .
1198 963 1206 978 .
1223 967 1230 980 .
1246 915 1334 979 unde

184 1015 320 1103 fuctum
349 1026 403 1095 est,
437 1027 475 1080 ut
507 1017 644 1102 (diuina
674 1017 855 1102 iustitia).
881 1018 1136 1103 .fldclissimum
1162 1018 1334 1106 famulum

190 1143 289 1185 suarm
311 1121 390 1206 (scil.
406 1122 583 1208 Ruricium)
605 1144 705 1208 super
728 1121 962 1187 candelabrum
985 1123 1098 1188 domus
1117 1146 1196 1188 suae
1213 1174 1219 1188 .
1237 1123 1333 1187 ,111-

194 1224 326 1289 limaret
349 1226 381 1309 (i.
399 1246 426 1292 e.
444 1228 592 1292 eeclesiae
617 1228 798 1311 episcopum
820 1228 960 1309 faceret),
985 1229 1068 1293 uude
1090 1229 1172 1294 hanc
1194 1231 1333 1312 quintam

192 1331 362 1414 epistulam
386 1336 459 1396 ante
483 1336 628 1414 quartam
652 1332 757 1396 datam
782 1353 851 1397 esse
874 1337 1121 1398 consentaneum
1144 1338 1201 1398 cst.

237 1436 381 1519 Epistula
410 1437 572 1502 secunda
601 1437 633 1500 in
665 1437 771 1501 exsilio
802 1439 918 1521 scripta
948 1441 1010 1518 est,
1041 1442 1078 1502 ut
1109 1456 1204 1521 supra
1234 1459 1263 1522 p.
1288 1439 1335 1503 XI

191 1541 384 1622 monuimus,
408 1559 467 1622 quo
488 1544 627 1624 tempore
643 1541 788 1606 Ruricius
809 1544 969 1606 saeculnm
989 1543 1051 1606 iam
1072 1561 1144 1606 curn
1163 1544 1334 1608 sacerdotio

191 1649 453 1726 communierat,
473 1646 511 1710 of.
529 1665 559 1728 p.
576 1643 649 1726 211,
668 1644 722 1709 19:
746 1666 799 1731 eqo
820 1647 903 1708 hanc
918 1646 1063 1730 primam
1081 1645 1336 1728 munificentiam

192 1748 323 1812 domim
345 1747 501 1834 larqiente
516 1749 662 1834 percepi,
686 1748 771 1834 quod
786 1749 959 1834 piissimus
979 1772 1066 1812 meus
1081 1750 1243 1813 Ruricius
1260 1760 1335 1836 post

191 1853 286 1918 uitae
302 1851 400 1916 leuius
417 1853 608 1917 iactationes
624 1853 671 1916 ad
681 1863 817 1951 poqtum
833 1853 1002 1938 reliqicnis
1014 1876 1154 1938 proram
1170 1854 1291 1917 salutis
1305 1904 1333 1918 ..

191 1957 412 2021 conuertit..
435 1967 493 2021 .et
524 1957 667 2044 despecto
696 1957 824 2020 taudem
850 1957 980 2021 saeculo
1008 1957 1237 2042 infelicitatem
1264 1960 1335 2035 eius

191 2084 344 2149 mapsam
367 2061 502 2147 respuit.
541 2065 572 2126 in
597 2063 769 2128 enarranda
793 2067 898 2127 autem
921 2064 1038 2128 Ruricii
1061 2066 1126 2128 uita
1152 2065 1233 2128 intra
1255 2065 1335 2128 hanc

192 2169 363 2252 epistulam
387 2167 510 2233 Sidonio
541 2169 612 2232 uiuo
642 2169 789 2251 scriptam
821 2188 889 2232 esse
919 2169 939 2232 1.
963 2189 990 2232 1.
1014 2167 1087 2233 ante
1114 2187 1232 2232 annum
1259 2167 1334 2248 479,

191 2277 359 2357 propterea
386 2273 468 2354 quod
495 2273 639 2337 Ruricius
667 2273 796 2336 clericus
823 2273 887 2336 iam
915 2273 1017 2337 tactus
1045 2276 1122 2353 erat,
1150 2292 1223 2337 cum
1250 2274 1336 2337 dedit

193 2379 234 2442 ad
258 2376 418 2442 Sidonium
442 2377 610 2460 epistulam
632 2377 648 2441 I
674 2375 723 2458 16,
747 2377 1043 2442 demonstrabimus.

236 2481 399 2565 Epistulae
428 2481 548 2565 prima
578 2485 609 2545 11
637 2483 754 2546 111111
785 2482 852 2546 sine
883 2481 977 2546 dubio
1004 2501 1023 2548 a
1050 2483 1165 2546 Fausto
1196 2483 1335 2547 nondum

192 2587 355 2652 exsulante
376 2587 511 2670 scriptae
532 2589 616 2667 sunt,
640 2605 711 2650 cum
732 2587 819 2670 nulla
841 2587 941 2650 exsilii
963 2588 1080 2651 mentio
1103 2587 1135 2650 in
1160 2588 1204 2650 eis
1227 2587 1281 2650 fiat
1304 2591 1336 2651 11

192 2697 334 2758 11111111
348 2692 460 2756 tertiae
477 2692 629 2775 epistulae
649 2691 746 2756 uerba
765 2691 808 2775 (p.
827 2690 901 2772 alt,
917 2691 939 2754 4
955 2689 1049 2775 sqq),
1069 2691 1182 2774 quibus
1199 2693 1335 2756 Faustus

189 2797 318 2864 Ruricio
341 2815 396 2880 pro
419 2795 492 2860 filiis
516 2801 547 2861 11
570 2797 752 2860 diaconibus
774 2799 838 2861 suis
859 2796 972 2860 uberes
997 2797 1094 2860 refert
1112 2797 1240 2880 gratias
1260 2797 1335 2860 Reis

149 2941 157 2948 -
191 2904 311 2985 scripta
326 2920 394 2966 esse
410 2905 568 2984 appareat.
600 2902 678 2966 alius
695 2901 835 2965 eiusdem
851 2902 1008 2984 epistulae·
1018 2902 1103 2964 locus
1120 2900 1163 2984 (p.
1177 2899 1335 2983 111141

192 3004 289 3070 hahet
311 3003 471 3088 siquidem
493 3014 521 3068 et
544 3005 685 3067 interior
706 3014 815 3066 noster
838 3003 945 3067 oculos
969 3025 1054 3082 suos,
1077 3005 1264 3069 documento
1287 3009 1336 3070 cst

192 3112 233 3175 ad
256 3111 338 3174 hanc
360 3109 514 3174 redditam
537 3129 605 3174 esse
628 3109 764 3192 priorem
784 3109 902 3173 Ruricii
925 3109 963 3173 sd
978 3110 1132 3173 Faustum
1156 3111 1335 3192 episcopum

192 3215 373 3299 epistulam,
397 3214 451 3278 ubi
464 3213 581 3296 legitur
597 3213 640 3297 (p.
658 3211 732 3294 351,
750 3211 798 3296 i):
822 3212 901 3275 olim
921 3222 949 3276 te
966 3263 973 3274 .
991 3263 997 3274 .
1008 3211 1109 3298 fama
1129 3211 1336 3275 celeberrima

185 3317 406 3406 praedicante
429 3317 574 3403 coqnoui,
602 3317 679 3380 olim
702 3316 864 3380 desiderio
883 3318 939 3403 pii
961 3317 1081 3380 amor-is
1108 3315 1223 3401 infuso
1246 3315 1335 3381 illis

192 3434 243 3500 te,
274 3419 412 3507 quibus
443 3419 614 3484 scribere
645 3421 843 3508 diqnaris,
874 3419 1002 3484 oculis
1034 3421 1164 3485 cordis
1195 3422 1334 3498 intueor,

191 3525 252 3590 sed
272 3523 487 3588 nihilomiuus
511 3526 607 3588 etiam
629 3526 795 3611 corporeis
817 3525 933 3589 uidere
948 3524 1084 3610 festine,
1112 3544 1172 3608 quo
1195 3531 1335 3609 tempore

190 3632 338 3698 Ruricius
361 3631 484 3696 saeculo
507 3632 646 3695 nondum
662 3633 732 3696 uale
753 3632 880 3710 dixerat,
904 3632 943 3695 ot.
961 3631 1027 3696 eius
1044 3631 1141 3695 uerba
1163 3650 1192 3714 p.
1210 3629 1284 3712 352,
1300 3629 1334 3695 6:

191 3758 260 3800 nou
283 3733 366 3798 enim
389 3733 497 3798 adhuc
519 3733 609 3798 ualet
628 3733 804 3819 pusillitas
827 3744 941 3797 nostra
962 3745 1079 3797 nectum
1094 3733 1251 3798 obnoxiae
1266 3757 1335 3797 ccre-

192 3839 333 3904 ditionis
349 3837 509 3926 conpellere
525 3848 554 3902 et
570 3839 705 3902 caritati
719 3838 885 3924 perfectae
896 3848 1047 3924 purqatc
1062 3838 1164 3902 corda
1179 3861 1335 3915 reserare,

191 3955 232 4008 ut
258 3942 472 4028 relinquentes
491 3943 685 4029 praesentia
703 3954 854 4029 petamus
878 3945 1026 4007 aeternas

238 4047 311 4114 Non
340 4067 448 4114 omnes
472 4048 579 4113 Fausti
610 4049 761 4132 epistulas
792 4048 881 4113 nobis
912 4049 1014 4113 codice
1045 4048 1242 4133 sangallensi
1273 4047 1336 4111 190

191 4157 337 4219 seruatas
360 4171 428 4230 esse
450 4153 523 4216 inde
545 4153 744 4236 perspicitur,
768 4153 850 4236 qnod
873 4153 959 4217 locus
981 4152 1161 4218 adaesario
1177 4173 1213 4216 en
1229 4153 1335 4216 Fausti

190 4256 335 4339 episcopi
357 4255 490 4338 epistula
505 4257 632 4320 allatus:
652 4255 767 4340 perdit
783 4255 927 4341 qratiam
942 4257 1129 4333 consecrati,
1152 4256 1209 4339 qui
1228 4253 1336 4316 adhuc

192 4357 343 4444 officium
357 4356 434 4422 uult
448 4380 592 4424 euerccre
608 4359 724 4422 mariti
739 4361 792 4443 (of.
810 4361 892 4424 infra
910 4381 940 4445 p.
958 4358 1035 4442 220)
1051 4361 1168 4424 frustra
1182 4361 1214 4424 in
1229 4361 1336 4422 nostra
