3100 4892
245 401 307 465 142
623 400 660 455 11.
680 401 725 454 De
744 401 865 469 spiritu
884 403 995 454 saneto

243 577 295 659 qui
320 576 475 658 loquenda
505 575 651 657 dictabat,
674 577 847 641 secundum
875 577 966 641 illud:
999 579 1035 640 et
1066 594 1171 641 nemo
1202 575 1295 641 dicit
1324 576 1381 640 do·

242 681 380 745 minum
411 680 536 744 Iesum
566 681 640 745 nisi
670 681 708 744 in
738 682 878 764 spiritu
910 685 1047 746 sancto.
1093 681 1147 763 qui
1179 699 1252 764 ergo
1285 680 1382 745 credi·

242 788 331 849 turus
361 785 412 848 nel
443 784 642 849 conferemus
673 785 724 849 uel
754 785 988 868 praedicaturus
1011 788 1059 850 est
1082 783 1252 866 Christum,
1283 783 1381 864 uides,

241 889 323 971 qnod
346 892 418 953 ante
446 890 478 953 in
505 908 539 952 se
566 887 729 954 habitums
757 892 806 953 est
840 889 986 973 spiritum
1017 893 1170 954 sanctum.
1217 907 1280 954 non
1311 906 1382 972 ergo

203 1021 215 1060 s
242 994 301 1057 hoc
328 997 435 1057 oneret
463 992 558 1057 fidem
584 996 682 1073 tuam,
713 994 796 1075 quod
818 994 974 1058 interdum
998 995 1063 1058 sine
1087 993 1381 1058 commemoratione

242 1098 370 1181 spiritus
394 1098 495 1162 sancti
516 1097 614 1181 patris
638 1098 755 1161 mentio
778 1097 912 1162 habetur
935 1115 971 1162 ac
994 1097 1059 1162 filii.
1095 1116 1169 1162 nam
1192 1116 1286 1181 saepe
1309 1116 1382 1181 sup-

240 1220 349 1284 presso
378 1203 476 1286 patris
506 1202 633 1266 nomine
663 1201 719 1266 tilii
749 1205 780 1266 et
810 1202 937 1286 spiritus
969 1204 1070 1268 sancti
1101 1204 1238 1286 operatio
1260 1202 1381 1286 praedi·

243 1310 342 1370 catur.
389 1307 434 1370 ait
464 1309 591 1370 sanctus
618 1304 759 1370 Ananias
790 1306 830 1370 ad
857 1306 1004 1371 Paulum:
1037 1305 1147 1372 Saule
1169 1307 1299 1388 frater,
1323 1307 1380 1371 do-

242 1411 363 1475 minus
386 1411 492 1475 misit
514 1429 568 1474 me
591 1410 713 1490 Iesus,
744 1411 806 1492 qui
837 1411 1012 1494 apparuit
1042 1410 1112 1476 tibi
1141 1412 1179 1475 in
1209 1411 1284 1492 uia,
1313 1428 1383 1493 qua

191 1543 216 1582 ιο
243 1513 436 1596 ueniebas‚
460 1519 499 1579 nt
521 1515 649 1579 uideas
672 1518 708 1579 et
729 1515 911 1598 replearis
935 1516 1071 1598 spiritu
1096 1519 1234 1580 sancto.
1278 1518 1382 1598 aperte

243 1620 294 1684 hio
325 1621 458 1684 duarum
488 1623 536 1685 est
565 1621 691 1685 conexio
721 1638 934 1703 personarum.
982 1639 1052 1685 ecce
1076 1620 1193 1684 Paulus
1218 1638 1236 1684 a
1259 1617 1382 1684 Christo

243 1727 387 1789 caecatus
409 1725 557 1809 arguitur,
581 1725 691 1809 spiritu
714 1727 823 1789 sancto
846 1725 1049 1790 inluminatus
1073 1725 1220 1806 impletur
1243 1727 1275 1788 et
1298 1724 1382 1788 nulla

243 1829 293 1893 hic
316 1829 434 1893 mentio
456 1828 555 1912 patris
577 1829 735 1893 inseritur.

285 1933 367 1997 Item
390 1952 462 1997 cum
478 1932 596 1997 Paulus
611 1933 762 2015 quosdam
787 1953 823 1998 ex
846 1934 1003 2017 discipulis
1026 1935 1246 2017 interrogaret:
1270 1934 1302 1997 in
1323 1951 1382 2015 quo

192 2064 216 2104 rs
243 2037 392 2121 baptizati
423 2038 508 2118 estis,
532 2056 609 2119 quos
639 2041 711 2120 post
741 2038 957 2102 ascensionem
988 2038 1105 2103 domini
1135 2038 1167 2102 in
1194 2037 1383 2120 baptismate

242 2142 392 2207 Iohannis
415 2141 588 2225 baptizatos
612 2161 680 2207 esse
703 2140 877 2223 constabat,
901 2146 972 2226 post
994 2142 1208 2226 praedicatum
1224 2142 1384 2224 baptisma

242 2247 404 2327 trinitatis,
440 2265 512 2310 cum
544 2247 639 2311 etiam
669 2246 747 2310 illud
777 2247 977 2329 mysterium,
1007 2265 1069 2328 quo
1099 2246 1255 2311 Iohannes
1282 2246 1384 2330 bapti-

242 2369 312 2415 zare
346 2355 561 2431 consueuerat,
591 2351 623 2414 id
646 2352 749 2415 estin
774 2369 856 2431 eum,
879 2352 933 2433 qui
955 2355 1108 2416 uenturus
1131 2354 1188 2431 est,
1218 2351 1252 2416 in
1276 2367 1385 2414 eorum

244 2454 401 2538 baptismo
430 2455 615 2538 probaretur
641 2456 794 2520 omissum
817 2455 939 2520 dicente
963 2455 1001 2519 ad
1024 2473 1076 2519 eos
1107 2455 1247 2538 apostolo
1270 2455 1383 2520 Paulo:

190 2587 216 2626 ro
242 2558 429 2624 Iohannes
449 2559 597 2642 quidem
612 2559 838 2644 baptinauit,
863 2559 979 2624 sedin
996 2579 1090 2640 eum,
1114 2560 1175 2642 qui
1200 2563 1384 2624 uenturus

243 2667 313 2744 est,
345 2663 403 2728 hoc
426 2667 474 2728 est
496 2663 611 2728 dicere:
642 2681 698 2728 uos
722 2683 784 2728 non
808 2665 850 2728 ita
873 2663 1021 2747 baptizati
1044 2665 1130 2745 estis,
1162 2663 1217 2728 hos
1241 2681 1314 2728 cum
1337 2664 1385 2729 in-

242 2772 416 2851 terrogaret
441 2767 572 2832 Paulus:
603 2770 634 2832 si
665 2769 840 2851 spiritum
872 2772 1040 2833 sanctum
1073 2769 1278 2852 accepistis
1310 2787 1385 2832 cre-

243 2873 389 2953 dentes,
413 2874 467 2954 qui
488 2874 597 2954 utique
616 2877 688 2956 post
702 2871 897 2956 baptismum
913 2874 1076 2938 saluatoris
1092 2893 1148 2957 per
1163 2874 1385 2956 inpositionem

242 2995 394 3041 mannum
423 2978 482 3041 rite
512 2975 678 3060 baptizatis
709 2978 812 3042 fuerat
842 2977 1046 3058 confitendus,
1079 2981 1116 3042 at
1145 2978 1205 3043 illi
1233 2997 1384 3062 respon-

190 3108 216 3148 se
243 3082 390 3145 derunt:
415 3100 533 3164 neque
558 3084 588 3145 si
611 3082 769 3164 spiritus
793 3086 946 3146 sanetus
970 3086 1041 3162 est,
1066 3082 1289 3146 audiuimus.
1326 3083 1385 3146 his

243 3186 385 3250 auditis
408 3185 592 3269 baptizati
615 3187 760 3251 suntin
785 3187 933 3251 nomine
956 3186 1206 3251 dominiIesu.
1243 3191 1280 3251 et
1303 3205 1386 3252 oum

242 3291 473 3373 inposuisset
488 3291 567 3355 illis
583 3309 712 3355 manus
727 3290 882 3372 Paulus,
898 3292 1005 3356 uenit
1020 3309 1132 3376 super
1148 3309 1208 3356 ecs
1226 3292 1385 3374 spiritus

351 3429 377 3498 1]
397 3427 484 3485 reor.
499 3431 540 3497 12,
553 3429 576 3484 a.
631 3428 658 3497 s]
678 3427 830 3493 neaera.
887 3428 932 3497 19]
951 3427 1010 3483 net.
1025 3431 1066 3493 19,
1078 3431 1102 3485 4.
1161 3429 1206 3498 aa]
1225 3427 1285 3483 noc
1306 3433 1347 3494 19,
1362 3432 1385 3485 a.

245 3513 462 3586 mmma

290 3642 301 3693 l
322 3641 351 3692 et
369 3656 418 3694 om.
433 3639 461 3693 P
513 3638 637 3692 dominus
656 3637 730 3692 Iesus
750 3637 777 3692 P
830 3636 1024 3707 absorpturus
1043 3637 1070 3692 P
1090 3638 1160 3705 (erat
1180 3639 1388 3702 reserauerat

244 3755 260 3808 5
273 3751 325 3805 hoc
336 3717 430 3805 onoret
445 3752 506 3818 V(e
517 3769 588 3809 man.
603 3753 672 3820 att),
684 3750 797 3804 bonores
810 3751 837 3804 P
888 3753 905 3805 6
920 3749 1002 3804 habet
1017 3751 1064 3817 1⁷¹,
1083 3749 1225 3805 habebitur
1238 3752 1265 3805 P
1319 3755 1336 3809 8
1354 3751 1387 3804 ad

244 3865 308 3933 dnm
327 3863 484 3919 PaulumV
534 3865 674 3934 9aparuit
692 3863 719 3918 P
771 3865 804 3918 12
823 3880 838 3916 a
856 3867 948 3917 sancto
966 3863 1062 3933 spiritu
1080 3865 1108 3918 P
1164 3831 1390 3920 inluminatuiV

242 3953 267 4020 (s
290 3970 361 4008 omn.
379 3953 438 4018 au.)
510 3953 542 4007 13
564 3951 648 4020 patris
671 3951 809 4006 mentior
881 3954 911 4006 17
935 3951 1084 4006 trinitasc
1154 3951 1306 4004 misterium
1336 3950 1391 4006 PV

244 4069 277 4122 18
295 4031 435 4120 consugiat
453 4066 480 4120 P
496 4064 540 4131 (uc
556 4082 628 4119 mn.
642 4065 703 4131 alt.)
767 4066 799 4119 19
817 4062 958 4133 probatV
1021 4063 1055 4116 ad
1078 4078 1121 4116 eos
1139 4081 1190 4168 opu..
1210 4065 1237 4119 P
1302 4063 1388 4118 Paulo

243 4179 362 4248 apostolo
381 4179 409 4232 P
468 4180 500 4235 21
520 4194 568 4230 uos
586 4195 637 4234 om.
650 4177 678 4232 P
737 4179 772 4231 23
795 4176 991 4246 impositionem
1011 4177 1038 4231 P
1099 4178 1134 4232 24
1150 4143 1179 4230 io
1197 4194 1337 4246 suprascr.
1351 4177 1389 4231 1¹³

243 4265 399 4334 baptizatio
452 4265 590 4320 sacrante
637 4263 810 4318 confidendus
829 4265 862 4331 P,
881 4264 1075 4319 confitenturo
1127 4266 1160 4320 25
1179 4267 1289 4318 sanctus
1308 4282 1388 4321 cmo

244 4355 277 4407 27
296 4352 466 4420 imposuisset
483 4353 510 4407 P
