3100 4892
460 410 576 464 Fausti
595 411 742 480 episcopi
761 412 798 466 de
818 414 947 467 ratione
967 414 1058 467 fidei.
1267 417 1332 481 455

184 608 254 648 suas
270 588 301 647 in
317 590 408 665 gloria
424 590 600 651 diuinitatis:
625 593 753 664 omnia,
777 593 880 667 inquit,
905 612 990 667 quae
1006 598 1104 668 pater
1119 596 1237 667 habet,
1261 614 1333 655 mea

184 699 281 767 sunt,
304 698 369 755 dum
385 697 455 756 dicit
468 698 573 769 omnia,
597 696 670 755 nihil
685 697 732 756 hio
746 698 873 773 reliquit,
894 718 949 773 qno
965 699 1061 758 minus
1077 700 1194 759 haberet
1209 718 1226 759 e
1241 706 1332 777 patre.

184 803 293 873 omnia,
309 804 337 861 id
349 805 404 873 est,
421 803 508 861 onius
520 804 635 861 deitatis
647 805 815 878 potentiam,
832 805 1034 875 substantiam,
1052 806 1238 867 maiestatem.
1267 807 1331 882 quis

185 928 251 968 eum
263 910 401 968 minorem
413 908 506 967 dicere
518 927 577 969 non
589 911 746 981 tremiscat,
759 911 809 984 qni
821 927 851 968 se
863 912 937 985 patri
951 912 1125 986 generaliter
1136 916 1165 971 et
1176 930 1227 986 per
1239 914 1336 973 omnia

183 1016 328 1074 neridicus
351 1015 435 1073 testis
459 1018 606 1089 exaequat,
631 1015 708 1073 sicut
730 1017 764 1073 de
787 1034 819 1075 eo
843 1016 1023 1091 euangelista
1044 1018 1227 1091 pronuntiat:
1259 1018 1334 1077 ideo
1374 1042 1386 1080 ⁵

182 1122 351 1181 nolebant
366 1138 438 1181 eum
453 1122 572 1179 Iudaei
589 1120 813 1191 interficere,
834 1122 915 1195 quia
930 1124 1060 1195 patrem
1082 1140 1177 1181 snum
1197 1123 1334 1183 dicebat

184 1228 284 1285 deum
299 1226 480 1300 aequalem
492 1243 527 1283 se
540 1225 674 1284 faciens
687 1227 760 1296 deo,
777 1228 806 1285 et
818 1228 851 1283 ad
864 1226 1080 1301 Philippenses:
1097 1244 1163 1285 non
1176 1229 1332 1302 rapinam

184 1333 384 1390 arbitratus
400 1335 545 1390 estesse
562 1348 597 1389 se
612 1330 789 1404 aequalem
805 1332 877 1401 deo,
894 1331 921 1389 id
938 1335 991 1402 est,
1008 1332 1207 1405 aequalitatem
1225 1333 1332 1391 diuini-

182 1436 266 1508 tatis,
290 1454 375 1511 quam
397 1436 513 1496 rebellis
536 1436 657 1511 angelus
680 1452 826 1494 assumere
848 1436 940 1494 noluit
962 1454 1013 1511 per
1034 1436 1175 1511 rapinam,
1199 1437 1330 1497 Christus
1426 1414 1430 1423 ¹

179 1541 315 1615 possidet
330 1560 381 1616 per
396 1544 538 1601 naturam.
1358 1566 1382 1605 re

229 1646 300 1705 Com
320 1664 387 1721 ergo
406 1646 498 1705 credis
518 1646 553 1716 ei,
577 1664 640 1704 eom
660 1663 692 1704 se
712 1646 743 1704 in
762 1646 887 1705 hominis
908 1646 1071 1705 substantia
1092 1646 1162 1705 dicit
1180 1648 1329 1721 minorem,

182 1753 268 1809 erede
281 1750 316 1821 ei,
333 1769 397 1809 cum
409 1768 440 1809 se
455 1750 487 1809 in
503 1750 666 1810 diuinitatis
679 1751 844 1809 substantia
855 1750 1004 1825 profitetur
1015 1752 1170 1825 aequalem.
1198 1753 1330 1827 loquatur·

181 1855 262 1915 filius
277 1855 414 1915 bominis:
431 1859 543 1929 pater,
560 1855 665 1929 inquit,
681 1856 788 1914 maior
802 1872 851 1913 me
866 1858 932 1925 est,
949 1856 1080 1929 loquatur
1095 1856 1172 1915 filius
1189 1857 1247 1915 dei:
1269 1875 1329 1933 ego

179 1964 216 2019 et
231 1965 331 2036 pater
345 1979 448 2019 unum
464 1978 590 2020 sumus.
617 1961 700 2035 qnasi
715 1961 798 2019 homo
815 1962 914 2031 esurit,
931 1962 1014 2035 quasi
1030 1964 1099 2020 deus
1111 1962 1238 2036 quinque
1250 1962 1329 2021 milia

181 2065 372 2125 esurientium
392 2065 519 2140 quinque
533 2066 656 2139 panibus
672 2065 807 2139 obsequio
827 2068 973 2123 creaturae
993 2083 1061 2124 suae
1082 2067 1212 2125 exsatiat.
1244 2068 1326 2140 quasi
1355 2088 1380 2127 rs

182 2172 267 2229 homo
282 2171 314 2229 in
326 2186 408 2229 cruce
420 2172 535 2245 pendet,
551 2170 632 2244 quasi
646 2172 714 2229 dens
726 2170 758 2227 in
769 2169 933 2244 paradisum
945 2171 978 2227 de
991 2188 1072 2229 cruce
1084 2171 1223 2229 latronem
1236 2173 1327 2245 gestis

180 2292 360 2350 peromnem
380 2276 516 2334 mundum
536 2276 719 2350 loquentibus
739 2275 896 2333 introducit
911 2274 1022 2333 dicens:
1044 2293 1139 2333 amen
1155 2276 1229 2335 dico
1252 2276 1325 2335 tibi.

179 2380 282 2440 hodie
304 2398 431 2438 mecum
453 2380 526 2438 eris
548 2380 583 2438 in
606 2378 778 2454 paradiso.
818 2397 873 2453 qno
894 2381 1019 2453 tempore
1041 2397 1142 2453 eorpus
1165 2379 1271 2439 domini
1295 2380 1326 2437 in

178 2485 291 2545 tumulo
307 2484 373 2555 luit,
389 2484 486 2543 anima
501 2484 532 2542 in
548 2484 673 2554 inferno,
690 2484 828 2543 diuinitas
844 2484 875 2543 in
891 2484 1022 2558 paradiso
1039 2486 1067 2541 et
1082 2483 1114 2541 in
1130 2484 1205 2543 eaelo
1222 2484 1326 2559 ubique

179 2590 260 2648 intra
275 2606 307 2647 se
322 2589 418 2648 omnia
432 2588 657 2664 supereminenti
674 2589 833 2647 maiestatis
851 2588 1043 2647 immensitate
1058 2589 1258 2662 complectens.
1352 2611 1377 2649 ao

223 2695 383 2753 &eandm
402 2694 545 2752 hominem
560 2693 654 2752 minor
673 2694 786 2765 dicitur,
810 2694 923 2767 quando
944 2693 1201 2767 comprehenditur,
1225 2693 1323 2769 flagel-

178 2799 265 2867 latur,
281 2798 467 2873 crucifigitur,
484 2797 613 2868 moritur,
631 2798 777 2872 sepelitur,
795 2798 950 2857 secundum
967 2796 1048 2857 desim
1063 2815 1114 2872 per
1127 2798 1261 2857 uirtutem
1278 2816 1322 2857 re·

178 2903 366 2962 surrectionis
382 2904 413 2961 in
429 2903 564 2961 caelestia
579 2889 759 2974 sublimatus,
780 2902 863 2977 quasi
877 2903 960 2963 homo
976 2906 1110 2977 suscepta
1125 2905 1224 2973 morte,
1241 2904 1322 2977 quasi

177 3010 248 3067 dens
269 3025 355 3081 super
375 3010 502 3067 mortem.
534 3008 688 3066 secundnm
707 3008 783 3065 hanc
802 3008 929 3082 regulam
945 3008 1025 3067 modo
1044 3024 1151 3082 pauper
1167 3010 1221 3078 est,
1242 3010 1322 3067 modo

177 3113 269 3182 diues,
285 3114 365 3173 modo
380 3112 484 3183 minor,
499 3114 580 3171 modo
595 3111 733 3186 aequalia,
749 3112 830 3169 modo
846 3112 987 3183 damiana,
1004 3112 1084 3171 modo
1101 3128 1210 3170 seruus¹
1348 3136 1373 3173 ss

222 3217 303 3275 Tunc
322 3234 388 3292 ergo
404 3217 497 3276 minor
511 3220 593 3291 patre
613 3218 755 3287 credatur,
778 3216 891 3289 qnando
912 3216 1076 3291 angelorum
1092 3215 1221 3274 conditor
1236 3216 1320 3289 pardo

176 3321 274 3380 minus
294 3324 329 3380 ab
350 3322 461 3396 angelis
480 3321 651 3392 minoratur,
674 3321 750 3380 sicot
768 3321 799 3380 iu
816 3324 916 3381 octauo
931 3321 1039 3395 psalmo
1055 3320 1190 3394 legimus:
1207 3320 1319 3379 'mino-

283 3507 309 3575 1]
322 3508 414 3561 loann.
427 3511 465 3571 16,
478 3512 517 3564 15.
573 3506 600 3576 5]
613 3507 791 3571 Ioann.5,18.
840 3506 867 3575 7]
886 3505 1030 3571 Philae:
1075 3506 1118 3575 13]
1130 3506 1317 3570 loann.ll,·28.

175 3594 270 3648 Ioann.
285 3596 325 3658 lo,
339 3596 380 3649 30.
437 3595 481 3663 17]
500 3594 564 3649 Luc.
577 3597 620 3658 23,
632 3596 674 3648 43.
728 3594 773 3663 27]
794 3592 891 3647 Psalm.
905 3598 929 3655 8,
943 3597 966 3647 7.

219 3767 407 3839 2quodAap.
460 3768 766 3839 lcontremiscatAcq.
821 3766 1017 3823 5uindieuss'
1068 3766 1195 3821 dludaei
1213 3783 1274 3819 curn
1292 3768 1319 3821 P

175 3859 191 3911 8
210 3871 266 3909 esse
284 3874 334 3911 oni.
349 3856 376 3910 P
425 3858 441 3911 9
460 3858 494 3924 cs.
508 3856 633 3910 Breaior.
646 3874 673 3924 p.
687 3859 754 3911 226:
772 3853 817 3907 ille
836 3870 905 3923 erge,
924 3854 969 3923 qui
988 3853 1102 3907 habebat
1120 3852 1316 3921 aequalitatem,

175 3958 228 3995 non
246 3945 287 3994 est
304 3941 449 3995 arbitratus
466 3958 514 4010 per
532 3941 661 4011 rapinam,
681 3941 727 3995 sed
746 3942 826 4009 quain
843 3939 950 3994 rebellis
963 3940 1072 4009 angelos
1085 3956 1218 3993 assrrmere
1231 3939 1316 3993 uoluit

174 4029 363 4098 petrapium,
377 4028 498 4084 Christus
511 4028 628 4097 possedit
639 4045 687 4097 per
699 4033 823 4111 naturam
878 4032 910 4083 10
922 4027 1040 4097 possedit
1052 4030 1123 4097 Aac.
1180 4030 1209 4083 11
1224 4026 1315 4080 credas

175 4117 246 4185 Aap.
302 4118 335 4171 14
353 4118 387 4184 cs.
401 4116 482 4170 Pitra
497 4134 526 4185 p.
540 4119 605 4170 157.-
622 4115 698 4184 quasi
716 4116 797 4169 homo
816 4115 906 4179 esurit,
925 4115 1000 4183 quasi
1019 4114 1083 4168 deus
1101 4113 1315 4183 quinquemillia

174 4202 348 4256 esurientium
375 4202 554 4257 arescentibus
582 4203 648 4257 cibis
675 4203 811 4277 interioria¹
831 4203 994 4255 sumentium
1025 4201 1149 4269 obsequio
1180 4204 1314 4255 creaturae

174 4290 313 4343 seruientis
332 4290 444 4343 exsatiat
510 4294 541 4346 19
560 4291 587 4343 in
606 4290 677 4343 caele
696 4294 724 4344 et
741 4291 793 4361 PS
852 4292 886 4345 20
905 4288 1064 4357 maiestatis]
1084 4305 1146 4341 suae
1164 4289 1227 4343 add.
1242 4291 1311 4359 Aop.

173 4376 380 4430 immensitatem
399 4378 427 4433 P
476 4379 510 4434 23
529 4377 690 4431 sublimatur
709 4380 780 4450 ⁴lup
803 4370 806 4374 ’
835 4379 868 4431 26
887 4376 1009 4430 credatur
1028 4379 1102 4449 patre
1121 4378 1192 4452 dap.
