3100 4892
455 446 571 501 Fausti
590 448 737 517 episcopi
756 448 793 502 de
812 450 939 504 ratione
958 450 1047 505 lidei.
1252 451 1315 517 457

175 626 204 683 et
219 624 294 683 sicut
312 642 331 682 a
348 627 440 700 patro,
463 626 505 684 ite
524 627 609 685 otiam
629 646 647 685 a
665 627 768 701 spiritu
790 632 890 687 saneto
910 630 944 687 ad
965 629 1186 704 redemptionem
1203 632 1318 691 nostrae

181 729 308 790 malitiae
330 731 492 789 destinatus
515 735 559 791 est
581 732 642 806 ipso
665 734 699 791 de
721 750 753 791 se
774 750 826 808 per
845 734 958 793 Esaiam
982 734 1129 808 loquente:
1151 735 1249 795 misit
1271 754 1318 796 me

176 836 276 908 pater
291 838 324 893 et
338 836 490 909 spiritus
505 836 589 895 ciue.

217 940 247 997 Si
266 940 386 1014 spiritus
402 944 521 999 sanctus
540 941 634 1001 minor·
653 943 788 1013 creditur,
812 944 948 1017 quomodo
969 960 999 1003 se
1014 944 1091 1003 lilius
1106 945 1181 1004 sicut
1196 963 1213 1003 u
1227 949 1317 1021 putre,

174 1045 217 1103 ita
232 1045 318 1103 etiem
334 1064 351 1103 a
366 1048 465 1106 sanem
481 1046 585 1121 spiritu
601 1048 720 1106 missum
736 1066 801 1106 esso
816 1051 960 1107 testatur?
987 1041 1107 1123 spiritus
1123 1053 1241 1109 sanctus
1258 1052 1319 1126 ipse
1359 1074 1371 1113 ⁵

175 1151 288 1209 locutus
308 1153 353 1209 est
368 1150 398 1209 in
413 1152 561 1225 apostolis,
584 1153 646 1227 ipso
662 1153 795 1212 efferbuit
810 1154 840 1213 in
856 1154 1002 1229 prophetie
1023 1155 1134 1214 dicente
1153 1158 1235 1215 beato
1251 1174 1319 1231 apo·

174 1257 249 1316 stolo
265 1258 350 1317 Petro
365 1258 396 1316 in
413 1258 537 1331 epistula
552 1276 618 1318 sua:
642 1276 723 1330 non,
748 1259 852 1333 inquit,
876 1277 913 1317 ox
928 1260 1127 1319 hominibus
1144 1261 1252 1319 allate
1267 1264 1321 1320 est

173 1362 371 1435 prophetia,
395 1364 453 1421 sod
477 1362 607 1437 spiritu
630 1367 751 1423 sancto
775 1364 945 1439 inspirati
969 1365 1077 1424 locuti
1098 1368 1181 1424 eunt
1201 1367 1318 1425 suncti

173 1466 226 1525 dei
242 1467 406 1526 homines.
435 1471 463 1526 et
478 1468 605 1528 saluatur
619 1469 651 1527 in
663 1470 807 1529 Matthaeo
823 1470 865 1528 lte
876 1470 917 1528 ait
928 1471 963 1528 ad
976 1470 1130 1545 discipulos
1142 1488 1223 1529 suos:
1241 1489 1318 1544 nou,

175 1571 283 1645 inquit,
300 1590 359 1633 uos
372 1574 472 1644 ostie,
489 1573 756 1648 qniloquimini,
773 1576 830 1645 sad
843 1575 991 1649 spiritns
1004 1577 1158 1635 sanctus.
1187 1575 1320 1635 similiter
1347 1598 1372 1637 ro

173 1679 204 1735 et
222 1678 315 1735 Dauid
329 1678 435 1751 plenus
451 1678 554 1752 spiritu
570 1681 670 1737 sancto
686 1682 724 1749 et,
747 1680 797 1754 qni
817 1697 867 1755 per
887 1698 950 1739 eum
966 1680 1144 1754 loquebatur,
1167 1680 1321 1740 manifesta

176 1798 246 1839 uoce
265 1782 434 1856 pronuntiat
454 1783 564 1841 dicens:
588 1785 735 1855 audiam,
758 1785 838 1858 quid
858 1786 1020 1858 loquatur·
1040 1785 1074 1844 iu
1094 1802 1143 1844 me
1163 1786 1320 1845 dominus

176 1887 268 1946 deire.
285 1873 412 1961 'quaudo
425 1904 491 1963 ergo
507 1906 578 1946 uasa
593 1888 637 1947 dol
657 1891 756 1949 saneto
777 1889 880 1963 spiritu
897 1888 976 1948 ebria
990 1890 1146 1964 loquuntur
1162 1892 1190 1949 et
1206 1891 1318 1950 dicunt:

174 1992 258 2050 haec
278 1992 363 2050 dicit
382 1992 536 2051 dominus
556 1994 638 2051 deus
661 1994 719 2052 uel:
744 1996 826 2053 deris
850 1996 985 2053 deorum
1006 1995 1161 2055 dominus
1182 1996 1319 2054 locutus

173 2098 243 2165 est,
259 2096 336 2161 hunc
351 2097 495 2156 domiuum
512 2098 593 2156 deum
609 2098 743 2171 spiritum
759 2102 891 2157 sanctum
906 2098 1092 2157 manifestum
1109 2103 1163 2159 est.
1348 2121 1372 2160 ru

218 2200 257 2258 Et
279 2202 314 2259 ad
334 2202 494 2259 Corinthios
518 2204 600 2260 deum
623 2220 687 2260 esse
710 2202 843 2277 spiritum
863 2204 996 2262 sanetum
1016 2203 1163 2262 euidenter
1183 2204 1318 2277 ostendit,

174 2306 242 2363 dum
258 2305 340 2364 dicit:
365 2323 424 2364 uos
445 2306 531 2365 ostie
551 2307 711 2381 templum
732 2306 794 2366 dei.
824 2309 855 2365 'et
874 2307 938 2381 quis
959 2310 1036 2365 esset
1055 2308 1102 2366 hic
1118 2309 1196 2379 deus,
1220 2326 1319 2367 couse-

175 2414 298 2484 quenter
320 2412 431 2470 edocuit
450 2411 491 2470 ita
510 2412 621 2471 dicens:
646 2411 810 2486 spiritua,
834 2412 939 2486 iuquit,
964 2415 1107 2474 semotus
1128 2414 1320 2472 habitatin

175 2515 283 2574 nobie.
312 2516 381 2574 deus
397 2533 463 2590 ergo
478 2517 577 2591 templi
592 2519 621 2575 et
636 2517 756 2591 spiritus
772 2518 891 2575 sanctus
906 2517 1050 2576 habitator
1065 2517 1165 2592 templi
1181 2536 1240 2576 una
1254 2535 1319 2593 pei·-

174 2638 248 2679 suna
262 2623 315 2679 est,
343 2623 372 2679 et
387 2621 418 2679 in
434 2621 544 2679 actibus
561 2622 750 2695 apostolorum
763 2623 867 2680 Petrus
880 2622 1026 2681 euidenter
1042 2624 1075 2681 de
1091 2622 1184 2680 sancti
1200 2622 1319 2697 spiritus
1347 2647 1372 2685 eo

175 2726 281 2784 deitate
300 2727 343 2785 ita
362 2727 396 2784 ad
411 2726 556 2786 Ananiam
576 2727 657 2786 dicit:
681 2728 758 2801 quis
777 2730 811 2787 te
830 2728 971 2787 mentiri
990 2728 1155 2803 compulit
1176 2727 1320 2802 spiritui

281 2914 310 2983 2]
329 2914 482 2977 acuere.
537 2914 564 2983 u]
584 2918 601 2971 a
619 2915 689 2968 Patr.
704 2917 727 2978 1,
740 2919 782 2971 ar.
839 2915 1092 2985 operaturque.
1157 2915 1201 2984 12]
1221 2914 1320 2971 Psalm.

175 3003 255 3063 aaa.
311 3001 560 3070 17]100r.3,1u.
616 3000 743 3071 reicula.
798 3002 844 3071 21]
863 3004 922 3055 aa.
937 3006 961 3066 5,
975 3006 998 3057 e.
1012 3006 1036 3057 l.

220 3194 236 3247 5
256 3192 350 3260 spiritu
369 3196 461 3245 sancto
479 3196 551 3264 Auq.
605 3197 620 3249 7
640 3197 673 3263 cs.
689 3194 771 3248 Pilrc
785 3212 814 3264 p.
829 3198 893 3247 151:
911 3194 1007 3246 Petrus
1021 3192 1155 3263 apostolus
1168 3194 1195 3246 iu
1209 3194 1323 3262 epistole

176 3294 237 3331 sua:
261 3294 322 3346 non,
346 3280 441 3347 inquit,
465 3296 494 3332 er
516 3280 625 3334 homine
648 3280 738 3333 adlata
755 3283 797 3334 est
815 3280 962 3350 prophetia,
987 3280 1032 3333 sed
1055 3280 1151 3348 spiritu
1170 3284 1262 3334 salicto
1281 3281 1321 3333 iu-

177 3365 271 3432 spirati
289 3365 371 3419 locuti
384 3369 447 3419 suut
460 3367 546 3419 sancti
559 3367 601 3420 dei
613 3367 743 3421 homines.
769 3367 858 3420 Dauid
871 3382 975 3435 quoque
989 3366 1084 3435 spiritu
1099 3372 1191 3420 sencio
1204 3366 1321 3435 repletus

176 3455 204 3505 et
226 3452 314 3519 gratia
335 3453 416 3507 huius
439 3453 549 3507 uirtutis
572 3453 680 3507 efflatus
703 3455 741 3507 ila
764 3454 842 3508 dicit:
867 3453 982 3517 audiam,
1005 3453 1070 3521 quid
1095 3453 1214 3521 loquitur
1231 3454 1260 3507 in
1279 3470 1321 3507 me

178 3538 301 3593 dominus
319 3557 402 3595 meus.
434 3540 513 3595 deum
532 3541 565 3594 de
584 3558 611 3595 se
630 3540 703 3608 loqui
722 3545 814 3595 sancto
833 3541 1016 3595 inflammatus
1035 3541 1130 3611 spiritu
1150 3544 1320 3610 protestatur.

177 3630 204 3679 et
223 3626 340 3680 saluatur
357 3628 384 3680 in
404 3628 540 3681 llatthaeo
559 3627 592 3681 ud
612 3628 756 3697 discipulos
775 3645 836 3681 suos
856 3628 934 3681 dixit:
957 3644 1010 3681 uon
1029 3628 1101 3681 enim
1120 3645 1167 3681 uos
1186 3628 1256 3691 estis,
1276 3628 1321 3695 qui

176 3712 326 3781 loquimini,
345 3715 391 3768 sed
411 3716 520 3784 spiritus
538 3719 654 3778 sauctus,
673 3716 718 3783 qui
731 3714 857 3783 loquetur
868 3716 896 3768 iu
910 3714 994 3768 uobis.
1026 3719 1053 3768 et
1065 3718 1204 3784 propterea
1217 3714 1321 3782 quaudo

177 3801 215 3869 pii
233 3806 309 3854 uates
327 3802 476 3855 exundante
495 3803 522 3855 in
542 3820 569 3856 se
588 3804 683 3872 spiritu
702 3808 794 3857 saneto
813 3803 841 3855 in
860 3802 913 3855 alto
932 3802 1030 3855 mentis
1050 3802 1196 3855 efferuntur
1214 3818 1320 3855 excessu

177 3889 217 3941 ita
235 3887 365 3942 diceutes:
384 3890 449 3943 haec
468 3889 535 3944 dicit
554 3890 678 3943 domiuus
697 3889 769 3955 deus,
789 3888 844 3943 uel:
865 3890 928 3943 deus
947 3888 1057 3943 deorum
1077 3889 1141 3943 deus
1154 3888 1259 3942 locutus
1271 3893 1321 3953 est,

177 3980 204 4028 et
221 3975 318 4029 horum
337 3977 442 4041 similia,
462 3977 496 4029 ad
515 3977 599 4030 sancti
613 3977 723 4045 spiritns
737 3977 902 4030 maiestatem
916 3977 1070 4030 mouerimus
1083 3992 1138 4029 esse
1151 3974 1320 4029 referendum

178 4066 209 4117 ll
229 4066 257 4115 et
274 4064 320 4130 qui
339 4080 385 4132 per
403 4080 463 4117 eum
483 4063 652 4133 loquebatur]
672 4064 731 4131 quie
749 4080 797 4133 per
815 4080 876 4117 eum
889 4063 1041 4131 loqueretur
1053 4066 1124 4131 Aup.
1182 4064 1213 4117 13
1226 4062 1322 4130 spiritu

178 4155 269 4202 sancto
288 4152 315 4203 P
385 4154 417 4206 lu
435 4153 469 4219 cf.
489 4152 570 4205 Pitrc
589 4156 700 4221 p.151:
723 4150 836 4219 apestoli
858 4151 886 4203 in
905 4151 992 4218 prima
1011 4149 1044 4203 ad
1064 4149 1216 4204 Corinthios
1235 4164 1322 4201 sermo

176 4242 230 4289 est:
255 4254 302 4290 uos
326 4238 388 4291 estis
412 4236 543 4306 templum
566 4238 616 4302 dei,
640 4238 744 4305 etquis
767 4238 811 4291 hic
835 4236 898 4290 deus
922 4241 998 4303 esset,
1023 4237 1143 4305 exposuit
1166 4236 1268 4289 diceus:
1296 4242 1323 4288 et

176 4323 287 4393 spiritus
307 4324 348 4376 dei
367 4323 471 4377 habitat
489 4326 518 4378 iu
536 4324 620 4379 uobis.
650 4326 740 4393 itaque
759 4324 824 4377 deus
843 4323 936 4395 templi
955 4330 981 4376 et
1000 4323 1045 4393 qui
1063 4321 1168 4377 habitat
1180 4322 1208 4377 iu
1220 4321 1321 4391 templo
1419 4332 1424 4339 '

176 4428 230 4465 una
247 4426 360 4482 persona
379 4416 420 4465 est
