3100 4892
641 452 885 523 Prolegomena
1297 463 1335 518 LI

191 627 288 704 cpont
312 623 460 687 erarauit.
499 625 608 689 deinde
632 628 714 692 baud
737 633 845 713 paucis
867 632 943 697 locis
967 634 1080 699 codicis
1103 634 1124 700 S
1147 639 1335 721 scripturam

192 724 309 788 falsam
333 745 402 790 esse
424 733 510 792 ratus
534 749 591 795 sua
613 732 742 798 inuenta
763 736 795 798 in
820 740 907 801 textu
929 740 1049 820 posuit:

622 939 640 994 8
983 946 1006 1012 Q

456 1057 527 1141 184,
543 1059 587 1124 20
609 1062 693 1126 bunc
920 1077 997 1131 tuac

454 1162 526 1246 184,
542 1164 584 1230 23
599 1166 684 1250 fides
708 1178 737 1231 et
919 1191 980 1237 0111.

456 1266 526 1351 186,
564 1270 585 1334 3
600 1269 740 1357 faciunt
912 1275 1049 1361 faciant

455 1371 584 1456 189,16
607 1376 693 1440 unde
711 1400 777 1464 pro
917 1380 991 1444 ideo

455 1476 526 1560 194,
564 1477 584 1542 9
606 1481 767 1567 numquid
917 1507 983 1548 aon
1006 1491 1064 1552 ete.

190 1669 352 1747 postremo
382 1667 442 1733 loni
469 1671 500 1734 in
529 1671 549 1737 S
576 1676 753 1757 corruptela
780 1677 915 1758 quadam
942 1677 1122 1742 laborantes
1149 1679 1233 1743 haud
1263 1698 1333 1745 raro

191 1771 224 1834 in
240 1769 268 1851 Q
284 1775 414 1838 correcti
436 1777 643 1858 reperiuntur,
668 1779 722 1842 sed
746 1780 800 1859 ita,
823 1785 859 1845 ut
880 1780 1043 1846 librarium
1066 1801 1122 1847 suo
1138 1783 1242 1848 Marte
1265 1803 1334 1849 cor·

190 1877 320 1940 rectoris
354 1897 484 1942 munere
516 1880 658 1946 lunatum
694 1903 761 1947 esse
797 1889 945 1968 appareat
977 1887 1154 1952 litterarum
1188 1888 1333 1954 ductibus

190 1997 304 2043 uocum
333 1987 549 2066 corruptarum
577 2005 639 2051 non
662 1989 821 2070 respectis,
850 2007 1041 2071 quamquam
1069 1993 1145 2055 satis
1172 1993 1256 2057 facili
1278 2013 1333 2056 ne·

187 2085 275 2166 gotio
301 2088 439 2168 genuina
468 2089 559 2154 lectio
589 2092 774 2174 plerumque
805 2111 840 2156 er
871 2095 952 2158 salsa
982 2096 1094 2159 codicis
1125 2095 1146 2160 S
1177 2099 1332 2162 enucleari

188 2192 326 2270 poterat;
350 2193 550 2258 conferantur
572 2195 650 2260 haee
673 2197 829 2280 exempla:

431 2400 450 2453 S
691 2403 809 2471 genuina
824 2403 903 2458 lectio
1118 2407 1142 2472 Q

259 2519 330 2602 184,
346 2520 389 2584 24
413 2521 462 2585 dia
484 2523 514 2606 (a
537 2526 632 2609 erae.)
689 2525 817 2589 diuinis
966 2526 1020 2591 dei

259 2623 330 2705 186,
369 2624 461 2689 8α11
687 2641 747 2692 aut
965 2632 1041 2694 item

258 2727 329 2810 187,
348 2727 388 2792 18
411 2731 448 2793 ia
471 2741 619 2796 tercurtae
685 2734 772 2798 irater
795 2757 899 2798 aaran
965 2736 1132 2799 interrae
1155 2760 1259 2800 norea

256 2831 328 2914 191,
367 2833 473 2899 aanor
496 2835 558 2899 tibi
688 2839 751 2901 erit
773 2838 822 2902 111
966 2840 1030 2904 erit
1052 2840 1149 2904 illiue

255 2935 329 3021 202,
367 2937 448 3004 bot
686 2954 720 3006 at
964 2944 1021 3008 aad

188 3128 276 3210 Quae
298 3148 371 3195 eum
394 3133 439 3196 ita
461 3134 532 3214 sint,
555 3134 676 3198 nullam
699 3133 794 3199 fidem
817 3155 886 3199 esse
908 3136 1086 3200 habendam
1109 3139 1206 3200 codici
1228 3137 1256 3218 Q
1279 3139 1331 3201 de-

188 3239 382 3300 monstrasse
411 3240 443 3301 ct
469 3237 535 3301 iure
558 3239 654 3302 etiam
678 3257 724 3319 ea,
753 3257 833 3320 quae
856 3241 886 3303 in
911 3239 938 3320 Q
960 3261 989 3323 p.
1009 3238 1080 3322 191,
1096 3239 1140 3303 22
1165 3247 1237 3324 post
1259 3265 1331 3304 roo-

185 3339 299 3427 str'tuit
321 3341 479 3424 leguntur,
502 3361 558 3425 pro
582 3343 794 3408 additamento
817 3344 965 3408 habuisse
989 3344 1078 3408 nobis
1101 3346 1258 3420 uidemur;
1281 3366 1332 3410 ee-

186 3449 294 3510 temm
315 3445 526 3527 conterantur,
554 3465 633 3528 quae
657 3447 694 3510 de
718 3447 827 3511 eadem
854 3449 1012 3512 refusius
1041 3449 1271 3532 disputabimus
1298 3452 1330 3514 in
1444 3456 1448 3461 ’

186 3550 397 3633 Ephemeride
419 3551 655 3634 gymnasiorum
678 3553 904 3616 austriacorum
929 3550 1013 3615 1890
1035 3572 1065 3636 p.
1082 3550 1143 3614 681
1161 3573 1228 3636 sqq.

231 3653 320 3720 Nihil
342 3655 426 3719 aliud
448 3656 544 3740 igitur
567 3660 674 3738 restat,
699 3674 794 3738 quam
817 3661 854 3720 ut
875 3657 1013 3720 codicem
1036 3655 1057 3721 S
1080 3657 1191 3721 ducem
1219 3677 1331 3740 sequa-

185 3778 259 3824 mur
287 3759 319 3824 in
347 3760 491 3843 epistulis
520 3761 697 3825 Faustianis
725 3761 924 3825 recensendis
956 3779 1111 3825 memores
1142 3763 1330 3826 descendere

185 3883 261 3928 eum
285 3883 322 3927 en
345 3863 449 3928 codiee
473 3883 624 3947 perquam
648 3865 728 3928 bono
752 3883 853 3946 neque
876 3867 979 3948 ipsum
1004 3884 1072 3929 esse
1096 3866 1330 3950 interpolatum,

183 3985 381 4051 quamquam
412 3969 687 4052 neglegentissime
718 3970 878 4053 scriptum.
918 3970 973 4033 ubi
1003 3968 1023 4034 S
1054 3969 1172 4050 deficit,
1203 3972 1234 4034 in
1265 3973 1331 4054 opi-

183 4075 271 4139 stula
294 4077 407 4155 quarta
428 4074 523 4136 codex
546 4073 574 4137 R
595 4077 755 4137 uetustate
777 4074 910 4156 insignis
933 4075 1068 4157 priorem
1088 4074 1208 4140 obtinet
1227 4076 1328 4139 locum

183 4182 261 4244 ante
278 4177 314 4258 Q.
353 4177 415 4241 iam
440 4177 475 4274 si,
500 4197 539 4241 ne
555 4177 628 4259 quid
644 4179 788 4242 omisisse
807 4179 981 4258 uideamur,
1005 4179 1148 4242 addimus
1165 4180 1327 4245 Hinomari

181 4287 308 4349 textum
335 4282 375 4346 ad
398 4282 510 4346 oodieis
533 4281 696 4345 cuiusdam
719 4283 981 4366 praestantissimi
1008 4285 1228 4348 auctoritatem
1256 4302 1329 4348 oon-

182 4389 336 4454 stitutum
352 4403 422 4450 esse
437 4391 587 4469 oportere,
611 4386 692 4468 quod
713 4388 867 4469 epistulae
882 4387 992 4452 Fausti
1007 4391 1038 4450 et
1053 4388 1161 4452 Lucidi
1176 4388 1216 4452 ab
1231 4387 1329 4452 Hine·

1138 4491 1173 4541 de
