3100 4892
248 423 313 488 230
695 425 761 480 ΠΠ.
780 425 890 481 Sermo
909 429 932 482 2.

249 601 295 664 sol
318 599 356 664 de
379 619 504 666 summa
526 602 690 667 alt'tudine
713 603 863 668 claritatis
889 608 1038 687 paternae
1061 606 1253 670 descandam
1275 607 1384 670 uuluae

248 703 410 788 uirginalis
443 705 563 770 aditum
596 707 760 788 reserauit,
798 707 894 773 totius
929 709 1038 773 mundi
1070 709 1237 792 caliginem
1268 709 1386 793 fulgida

249 810 460 874 coruscatione
482 811 639 893 respersit.
682 811 796 892 ducite,
827 811 935 877 fideles
966 813 1092 894 Christi,
1121 814 1237 878 testim
1266 814 1384 898 gaudia.

249 933 298 978 res
321 913 412 978 nobis
440 915 531 979 hodie
557 915 642 980 facta
664 919 712 980 est
734 933 827 997 noua,
855 935 935 999 qnae
961 918 1037 982 olim
1064 919 1167 982 fuerat
1188 918 1386 1002 repromissa,

211 1047 224 1087 s
251 1021 286 1082 ut
319 1018 386 1083 sine
421 1019 549 1103 uirginis
584 1019 770 1084 detrimento
808 1020 935 1103 pudoris
968 1021 1068 1086 filium
1107 1023 1261 1087 lactarent
1293 1021 1387 1086 ubera

250 1123 427 1206 genetricis.
731 1109 734 1118 ⁸

293 1227 381 1292 Haec
397 1232 445 1291 est
467 1227 522 1292 illa
543 1227 667 1293 nouitas
682 1228 860 1293 Hieremiae
882 1229 1051 1311 prophetae
1067 1229 1214 1294 uaticinio
1236 1230 1388 1294 nuntiata:

251 1331 380 1412 faciet,
412 1331 523 1414 inquit,
555 1333 725 1397 dominus
756 1350 893 1398 nouum
923 1353 1034 1416 super
1064 1337 1217 1414 terram,
1244 1337 1276 1398 et
1302 1333 1390 1416 quasi

252 1436 409 1518 quandam
432 1437 593 1501 lucernam
615 1437 707 1502 huius
730 1435 929 1502 obscuritatis
952 1437 1125 1502 accendens
1148 1437 1294 1502 continuo
1317 1438 1390 1502 sub·
1453 1471 1456 1476 ·

201 1567 226 1608 ro
252 1541 339 1605 iecit:
362 1541 502 1606 femina
524 1539 772 1605 circumdabit
793 1541 923 1606 uirum.
959 1541 1019 1606 lroc
1033 1545 1092 1622 est,
1108 1541 1247 1624 inquam,
1263 1558 1390 1622 nouum,

253 1646 335 1727 quod
359 1664 451 1729 super
474 1649 589 1710 terram
613 1645 679 1710 dico
703 1645 864 1710 dominum
887 1664 956 1710 esse
978 1646 1147 1726 facturum,
1170 1645 1252 1728 quod
1274 1645 1391 1710 femina

253 1749 457 1815 circumdabit
486 1747 619 1815 uirum
646 1749 810 1831 aduertite,
848 1751 977 1830 fratres,
1012 1754 1044 1815 et
1072 1769 1124 1814 me
1153 1751 1257 1833 potius
1287 1754 1391 1814 uestro

253 1855 415 1919 intellectu
437 1855 624 1938 praecedite.
648 1855 775 1935 femina,
799 1855 912 1937 inquit,
935 1854 1141 1920 circumdabit
1162 1855 1275 1919 uirum.
1307 1855 1391 1919 oie-

254 1959 341 2023 miua
363 1977 456 2041 super
478 1959 611 2024 laminas
634 1959 808 2041 benedicta,
832 1977 912 2042 quae
932 1963 964 2024 et
985 1960 1090 2025 uirum
1113 1977 1175 2024 non
1195 1959 1341 2043 cognouit
1363 1962 1393 2023 ct

203 2089 227 2130 1⁵
254 2065 357 2129 uirum
381 2083 437 2129 suo
460 2067 548 2128 utero
571 2064 783 2145 circumdedit,
808 2082 886 2146 qnae
909 2064 1076 2130 concubitu
1099 2065 1215 2129 carnali
1238 2081 1300 2128 non
1324 2069 1393 2128 tan·
1513 2068 1514 2073 ’

254 2168 338 2252 gitur
370 2171 400 2232 et
427 2172 533 2232 tamen
565 2185 677 2233 carnea
707 2169 794 2252 prole
828 2168 866 2233 de
898 2169 1027 2252 spiritali
1057 2169 1177 2233 semiue
1207 2169 1391 2252 gratulatur.

255 2273 427 2338 circumdat
448 2273 551 2338 uuum
574 2273 675 2338 Maria
698 2274 810 2357 angelo
832 2272 927 2337 tidem
950 2272 1061 2353 dando,
1085 2273 1157 2354 quia
1171 2273 1240 2336 Eua
1262 2271 1395 2357 perdidit

256 2365 359 2442 uirum
392 2378 528 2460 serpenti
559 2377 789 2443 consentiendo.
827 2377 932 2457 faciet,
962 2377 1073 2458 inquit,
1103 2376 1247 2441 dominus
1279 2393 1395 2441 nouum
1514 2430 1515 2453 ,

257 2501 349 2565 super
380 2487 505 2546 terram.
551 2486 586 2547 ut
615 2483 712 2566 igitur·
743 2481 934 2546 exhibendae
965 2482 1058 2545 huius
1088 2481 1238 2545 nouitatis
1269 2484 1394 2563 tempus

204 2611 229 2651 ro
258 2587 393 2667 aduenit,
421 2587 564 2650 caelestis
592 2587 631 2651 ad
658 2586 813 2670 uirginem
839 2586 1049 2668 praemittitur
1075 2584 1219 2664 nuntiae,
1248 2585 1397 2648 salutauit

257 2692 388 2775 angelus
412 2691 550 2774 puellam
574 2692 632 2756 uiri
656 2691 853 2755 salutationis
875 2691 1026 2774 ignaram.
1053 2693 1186 2753 terretur
1206 2688 1294 2771 uirgo
1309 2687 1398 2752 noui·

259 2798 324 2860 tate
340 2793 517 2874 uerborum,
542 2794 694 2877 adquam
718 2795 863 2878 angelus:
896 2795 1112 2873 netimeas,
1135 2792 1245 2874 inquit,
1268 2791 1398 2871 Maria,

260 2898 441 2963 inuenisti
469 2899 567 2964 enirn
594 2899 755 2982 gratiam
783 2898 879 2983 apud
906 2898 1102 2962 dominum.
1148 2916 1198 2975 ne,
1221 2896 1335 2978 inquit,
1358 2895 1397 2958 ad

260 3005 463 3085 conspectum
479 3021 595 3082 meum,
620 3007 720 3066 mater
735 3002 853 3067 domini
869 3003 941 3083 mei,
964 3003 1119 3082 terreariS,
1143 3018 1201 3083 ego
1224 3001 1400 3082 conceptio-

209 3130 234 3171 ne
262 3108 310 3172 nis
332 3111 406 3172 tuae
430 3108 570 3172 minister
594 3107 715 3187 adusni,
743 3107 810 3190 ipse
833 3126 883 3171 me
907 3107 994 3170 misit
1016 3107 1054 3170 ad
1077 3109 1120 3185 te,
1149 3105 1200 3186 qui
1223 3109 1272 3168 est
1298 3103 1401 3168 nasci-

262 3215 351 3276 turus
380 3231 415 3276 ex
438 3217 480 3293 te,
507 3213 574 3296 ipsa
598 3211 654 3276 tibi
681 3230 735 3294 per
758 3230 809 3275 me
833 3211 998 3276 adnuntiat
1024 3210 1183 3293 gaudium,
1211 3207 1260 3272 cui
1284 3208 1401 3292 placuit

262 3317 294 3382 in
317 3321 403 3382 utero
426 3320 569 3382 tuocum
591 3317 728 3382 humana
751 3319 863 3380 natura
885 3315 1054 3398 mysticum
1077 3313 1193 3378 sociare
1209 3312 1399 3395 coniugium.

263 3421 445 3486 iuuenisti
475 3421 636 3504 gratiam
663 3421 759 3503 apud
791 3420 912 3500 deum,
944 3437 1029 3483 ecce
1056 3416 1248 3501 concipies
1275 3420 1313 3480 et
1343 3433 1402 3500 pa·

369 3619 396 3689 8]
415 3619 530 3674 Hieram.
544 3621 585 3683 31,
599 3621 640 3674 22.
694 3619 740 3688 22]
758 3616 822 3672 Luc.
836 3621 860 3682 1,
873 3619 914 3673 30.
968 3615 1014 3685 28]
1032 3613 1096 3668 an.
1110 3617 1134 3678 1,
1147 3615 1188 3670 30.

311 3805 458 3871 lpaterna
481 3802 510 3856 D
563 3799 700 3855 discedens
723 3801 752 3856 D
805 3799 885 3854 uulua
904 3801 934 3854 D
992 3797 1174 3854 2reseruauit
1191 3797 1220 3852 D
1278 3798 1357 3850 totus
1374 3795 1403 3850 D

267 3887 380 3946 thodie
442 3903 492 3956 que
510 3889 539 3943 D
600 3887 666 3941 olliir
684 3888 712 3942 D
773 3887 914 3956 7pphete
937 3887 967 3940 D
1028 3882 1161 3953 8inquid
1186 3884 1215 3938 D
1276 3881 1402 3937 9oonti·

268 3993 335 4032 nuos
353 3977 382 4031 D
441 3978 472 4030 10
496 3974 608 4028 laminas
632 3975 660 4029 D
714 3977 745 4029 12
767 3973 858 4042 putius
877 3974 906 4028 D
965 3973 997 4028 13
1014 3971 1164 4041 praecedite
1182 3973 1264 4040 Aac,
1286 3968 1361 4037 ficita
1378 3968 1406 4022 D

268 4063 380 4140 feminas
400 4063 429 4117 D
480 4061 573 4130 inquid
593 4061 621 4114 D
676 4063 706 4116 14
726 4062 818 4128 queD
872 4064 903 4116 15
923 4075 973 4127 que
990 4061 1020 4114 D
1069 4057 1251 4112 concubitoD
1308 4057 1343 4110 16
1354 4053 1407 4123 spi·

269 4143 346 4230 ritale¹
365 4177 394 4230 D
446 4172 546 4229 semine
563 4191 699 4243 suprascr.
714 4175 742 4228 D
795 4172 980 4241 gratulabatur
997 4174 1027 4227 D
1086 4173 1119 4226 l‘l
1137 4171 1198 4223 uiri
1216 4167 1408 4238 wprmD’

269 4263 331 4331 quia
344 4265 425 4332 Aug,
442 4277 493 4330 que
506 4262 535 4316 D
588 4277 637 4331 pua
650 4261 680 4314 D
731 4263 764 4315 18
778 4260 915 4328 inquidD
972 4263 1006 4315 19
1018 4256 1164 4312 exbibenda
1180 4257 1211 4311 D
1262 4257 1357 4319 2223
1370 4254 1408 4307 in·

272 4374 334 4444 quid
354 4376 383 4430 n
435 4377 468 4431 aa
487 4339 634 4428 nascituris
652 4373 681 4429 u
733 4375 766 4428 ar
786 4370 895 4424 mistica
913 4373 943 4426 u
