3100 4892
645 438 744 491 Liber
765 439 792 492 lI
812 440 835 491 4.
1251 436 1306 499 141

173 619 333 680 scrutante
357 615 584 698 cognoscimus
616 614 689 698 agni
710 613 871 694 intestina,
895 613 926 676 id
949 615 997 677 est
1020 613 1237 696 mysteriorum
1261 631 1312 676 oo-

170 721 254 784 eulta
285 737 458 784 sumamus.
504 717 664 782 scrutandi
691 718 776 782 enim
800 716 939 782 studium
963 716 1097 780 auiditas
1119 715 1312 799 intellegitur

169 823 349 905 denotandi,
373 823 454 888 siout
477 827 508 887 et
531 823 591 887 alio
614 823 682 887 loeo
705 822 838 906 dnpliois
864 821 1059 886 substantiae
1083 819 1311 885 absolutionem

168 929 252 993 idem
269 931 538 993 sacramentorum
552 928 707 992 reuelator
723 927 862 991 insinuat
881 926 1001 990 dicens:
1025 925 1159 1008 uulpes
1183 925 1310 991 foueas

168 1033 310 1098 habent
338 1037 374 1098 et
401 1033 574 1098 uolucres
598 1032 694 1096 oaeli
720 1031 841 1112 nidos,
868 1031 974 1095 filins
999 1033 1123 1094 autem
1145 1030 1310 1094 hominis
1350 1057 1363 1095 e

169 1155 239 1202 non
260 1137 387 1219 habet,
408 1136 471 1201 ubi
491 1141 602 1220 eaput
621 1155 726 1201 suurn
741 1135 912 1200 reclinet.
947 1136 1006 1199 hoo
1021 1138 1083 1199 est:
1100 1134 1223 1199 dolosae
1238 1133 1312 1198 hae-

167 1261 255 1308 reses
282 1246 314 1306 et
335 1242 518 1308 tenebrosae
540 1243 591 1306 uel
615 1260 724 1306 aereae
746 1243 916 1325 potestates
940 1241 1047 1305 sedem
1070 1239 1129 1304 sibi
1152 1241 1184 1304 in
1207 1243 1311 1323 peeto·

167 1349 253 1412 ribus
283 1347 430 1412 humanis
460 1347 615 1431 protunda
644 1346 853 1411 dominatione
885 1347 1064 1429 posuerunt,
1095 1363 1145 1409 me
1169 1362 1242 1409 uero
1264 1345 1312 1408 in·

167 1451 310 1517 fidelium
340 1451 448 1533 eorda,
478 1470 571 1533 quem
602 1451 761 1516 hominem
795 1450 828 1514 in
858 1468 951 1514 earne
981 1449 1185 1534 oonspioinnt,
1219 1449 1311 1513 deum

167 1558 253 1622 intra
275 1556 436 1622 hominem
458 1556 555 1620 latere
578 1573 641 1620 non
663 1555 802 1620 eredunt.
845 1555 951 1619 foueas
976 1554 1060 1618 enirn
1083 1557 1115 1618 et
1137 1553 1226 1619 nidos
1250 1571 1312 1618 non
1339 1581 1365 1620 1⁰

167 1661 351 1726 transitoria
380 1663 413 1725 et
438 1664 658 1724 momentanea
680 1659 847 1744 designant
869 1658 1059 1739 habitacula,
1090 1658 1144 1722 sed
1167 1658 1313 1722 diuturna

168 1770 200 1830 et
229 1783 341 1830 secura
362 1765 560 1849 possessione
582 1763 723 1844 fundata,
754 1782 833 1845 quae
857 1763 1037 1846 serpentina
1059 1762 1208 1828 uitiorum
1231 1763 1312 1826 mul-

167 1872 312 1954 tiplicent
344 1871 545 1934 nutrimenta.
598 1869 756 1950 apostolus
789 1869 882 1933 etiarn
914 1868 991 1932 duas
1022 1867 1215 1932 snbstantias
1247 1867 1313 1931 eui-

168 1976 279 2040 denter
294 1977 416 2040 remota
431 1974 618 2038 sacramenti
632 1971 822 2038 obscuritate
839 1973 970 2057 digessit
985 1973 1030 2036 ita
1045 1973 1164 2036 disens:
1186 1977 1311 2055 patres

169 2080 305 2161 nostri,
334 2079 533 2162 exquibus
557 2078 731 2143 Christus
754 2078 958 2142 seeundum
982 2095 1144 2158 earnem,
1168 2076 1230 2158 qui
1255 2079 1312 2139 est
1340 2103 1364 2142 15

169 2205 282 2269 snper
303 2185 428 2250 omnia
449 2185 538 2249 dens
561 2183 783 2248 benedictus
806 2184 841 2247 in
863 2183 1023 2248 saecula.

212 2290 274 2356 Sed
294 2289 385 2355 diois:
409 2289 569 2372 apostolus
589 2288 666 2352 duas
685 2292 809 2352 tanturn
826 2305 974 2371 personas
991 2288 1023 2352 in
1039 2305 1168 2370 opernm
1185 2303 1312 2350 suorum

170 2395 334 2460 uolumine
349 2393 524 2473 confitetur,
548 2393 630 2457 siout
653 2394 692 2458 ad
712 2392 887 2458 Corinthios
911 2393 1063 2476 loquitur:
1087 2391 1225 2456 Paulus
1249 2407 1312 2454 uo-

169 2503 278 2564 eatus
302 2499 497 2582 apostolus
513 2498 599 2562 lesu
616 2497 760 2562 Christi
782 2516 845 2581 per
868 2497 1100 2567 uoluntatem
1123 2495 1195 2576 dei,
1220 2499 1251 2560 et
1274 2495 1313 2559 ad

169 2603 315 2668 Galatas:
339 2603 479 2667 Paulus
503 2602 695 2686 apostolus
719 2619 790 2666 non
811 2601 854 2665 ab
875 2600 1089 2666 hominibus
1111 2618 1228 2682 neque
1250 2618 1313 2682 per·
1339 2627 1365 2666 so

168 2708 372 2790 hominem,
403 2707 468 2772 sed
497 2727 562 2791 per
584 2707 708 2771 Iesum
732 2705 921 2778 Christum
953 2711 989 2770 et
1019 2706 1124 2770 deum
1154 2708 1312 2789 patrem,

169 2814 234 2896 qui
264 2813 471 2878 snsoitauit
500 2831 581 2876 eum
612 2829 630 2876 a
661 2812 834 2891 mortuis,
870 2816 901 2876 et
931 2811 1059 2876 iterum:
1096 2829 1188 2874 unus
1223 2809 1312 2874 deus

168 2921 293 3001 pater,
325 2937 365 2981 er
395 2935 464 3001 quo
494 2916 618 2981 omnia
647 2920 684 2981 et
714 2935 777 2982 nos
800 2917 838 2980 in
862 2917 943 2999 ipso
967 2920 1002 2980 et
1024 2934 1118 2980 unus
1143 2914 1313 2980 dominus

168 3023 281 3088 Iesus
313 3021 501 3102 Christus,
535 3040 599 3105 per
631 3040 737 3103 quem
771 3021 894 3085 omnia
925 3024 961 3085 et
991 3039 1056 3085 nos
1086 3038 1149 3103 per
1179 3019 1312 3102 ipsum.

169 3126 346 3192 seeundum
368 3125 446 3191 haee
467 3125 544 3190 diois
567 3126 688 3190 nullam
711 3126 748 3190 de
773 3126 885 3210 spiritu
905 3129 1013 3190 saneto
1029 3124 1097 3189 fieri
1110 3123 1312 3189 mentionem.
1339 3147 1365 3187 11

169 3235 207 3296 nt
234 3231 374 3297 breuiter
397 3231 547 3313 dieamus,
578 3231 694 3296 oblitus
719 3250 762 3313 es,
787 3231 869 3315 quod
892 3231 1050 3314 apostolus
1073 3229 1183 3313 spiritu
1206 3230 1313 3293 saneto

168 3337 284 3420 plenus
306 3335 384 3402 liaeo
398 3337 521 3420 populis
536 3338 605 3421 ipso
620 3336 791 3419 inspirante
808 3337 845 3400 de
861 3338 950 3419 patre
966 3335 1089 3417 filioque
1104 3332 1311 3418 praedicabat.

169 3441 315 3524 loquenti
337 3442 444 3525 itaque
467 3442 505 3507 de
527 3442 626 3526 patris
649 3459 685 3506 ao
707 3440 763 3506 lilii
786 3441 965 3524 operatione
989 3443 1020 3504 et
1042 3440 1094 3504 ille
1117 3459 1179 3505 non
1196 3439 1313 3519 deerat,

238 3605 512 3746 Romanusne.
563 3605 605 3674 14]
625 3606 701 3660 nem.
715 3609 739 3669 e,
753 3609 776 3659 5.
827 3604 984 3673 1811011.
1000 3607 1059 3668 1,1.
1113 3602 1312 3672 no]oar.1,1.

168 3693 217 3762 22]
261 3693 305 3762 ph.
318 3697 343 3756 4,
356 3695 379 3748 6.

218 3851 344 3921 ligniso
391 3850 638 3906 misteriornmPV
680 3850 810 3904 oeultaP
854 3847 1068 3917 aintenegitV1
1116 3847 1316 3903 dheresesPV

170 3964 414 4022 ssdamnationoo
484 3963 632 4018 infidelium
654 3965 761 4033 scripsi,
786 3963 813 4017 in
837 3961 957 4016 fidelium
976 3963 1041 4017 libra'
1110 3927 1225 4030 9qubm
1248 3961 1313 4026 V(e

169 4071 246 4109 mars.
268 4053 336 4120 alt),
363 4051 409 4120 qui
436 4052 464 4106 P
549 4054 580 4108 11
609 4050 751 4118 designent
782 4051 828 4118 V¹,
856 4049 1030 4117 designantur
1061 4049 1107 4117 V2,
1139 4047 1261 4115 designat
1288 4047 1315 4100 P

172 4142 205 4195 12
223 4139 463 4208 possessionemV
525 4138 653 4192 uieiorum
673 4138 701 4192 P
764 4139 797 4193 13
815 4137 908 4206 etiam]
927 4135 1033 4190 animo
1103 4137 1135 4190 14
1154 4133 1261 4186 deiessit
1279 4135 1312 4200 P,

170 4227 304 4282 ediscite
363 4229 394 4281 15
413 4224 521 4294 quibus]
540 4223 688 4279 nubibuso
746 4227 778 4279 17
797 4223 908 4279 dioitV
963 4221 1169 4279 18101111113111
1227 4221 1312 4274 eorin-

170 4316 251 4368 theos
272 4316 298 4368 V
350 4316 381 4368 ro
404 4317 432 4365 et
454 4312 488 4366 ad
511 4311 620 4366 Galatas
642 4330 693 4368 om.
715 4313 741 4366 V
791 4313 825 4366 20
847 4309 968 4378 galathas
985 4310 1013 4364 P
1062 4312 1095 4363 27
1114 4307 1228 4377 populis]
1251 4323 1311 4376 epo-

172 4402 250 4456 stolis
263 4402 291 4455 P
341 4403 375 4456 28
395 4399 510 4468 igitnru
562 4402 636 4467 patre
656 4401 682 4452 P
