3100 4892
256 401 320 465 344
658 400 723 454 ΠΠ.
743 400 853 454 Sermo
872 403 980 457 30-31.

300 577 450 657 Quamuis
484 595 537 641 cor
566 580 708 640 uestrum
739 577 778 641 cd
808 577 997 641 audiendum
1026 576 1159 641 uerbum
1190 575 1239 640 dei
1270 577 1389 658 spiritus

257 683 385 746 sanctus
408 700 533 764 semper
557 681 717 762 accendat,
738 683 783 746 ita
805 684 841 746 ut
863 681 913 745 uix
936 681 1058 765 possint
1073 684 1178 746 uestra
1194 684 1304 745 sancta
1318 680 1391 744 desi-

257 787 342 850 deria
370 785 487 865 satiari,
518 789 624 850 tamen
654 785 881 870 prouidendum
912 789 969 865 est,
999 788 1036 849 ut
1057 786 1103 850 ita
1125 783 1213 850 uerbi
1236 785 1286 848 dei
1308 802 1391 868 prae·

257 890 369 954 dicatio
392 893 593 972 temperetur,
617 895 653 954 ut
674 889 763 954 uobis
786 890 900 974 iugiter
923 889 1089 955 desiderari
1113 893 1144 954 et
1160 908 1285 972 semper
1299 889 1392 972 possit

221 1024 233 1062 s
257 994 374 1077 augeri.
420 994 488 1058 ideo
511 996 574 1058 iam
597 995 669 1076 ista,
699 1013 780 1077 quae
804 995 991 1076 dictasunt,
1020 993 1142 1059 caritati
1164 998 1288 1058 uestrae
1310 992 1392 1058 suffi-

257 1100 351 1163 cient.
397 1102 429 1162 et
459 1100 532 1181 quia
562 1098 677 1181 aliquid
707 1099 745 1164 de
775 1117 919 1164 sermone
942 1099 1002 1164 isto
1026 1098 1114 1164 uobis
1138 1098 1325 1163 credidimus
1346 1117 1391 1162 re-

219 1283 223 1292 ,
258 1204 458 1283 seruandum,
489 1204 516 1266 si
547 1204 718 1268 secundum
745 1207 886 1268 uestram
909 1203 1167 1268 consuetudinem
1191 1203 1240 1267 die
1264 1203 1391 1266 crastiua

258 1308 411 1372 maturius
439 1309 656 1388 conueneritiS,
685 1306 804 1390 absque
827 1308 932 1390 aliqua
954 1309 1137 1373 lassitudine
1161 1308 1322 1371 matutinis
1345 1325 1393 1370 er·

258 1412 382 1494 plicita,
414 1413 495 1493 quod
522 1432 558 1475 ex
580 1412 735 1476 industria
756 1416 953 1477 reseruatum
977 1417 1034 1493 est,
1064 1412 1195 1477 audietis
1218 1414 1391 1495 praestante

174 1561 179 1566 Δ
207 1544 232 1584 10
259 1517 383 1580 domino
413 1519 519 1580 nostro
549 1517 621 1580 Iesu
644 1515 780 1597 Christo,
811 1517 859 1580 eui
890 1521 937 1581 est
966 1517 1064 1581 honor
1089 1517 1122 1581 in
1145 1517 1269 1580 saecule
1291 1531 1392 1579 saecu·
1496 1551 1497 1608 3

258 1622 369 1685 lorum.
407 1620 520 1686 Amen.

772 1779 888 1843 XXXI.

599 1922 700 1964 SERMO
723 1923 765 1964 DE
788 1923 911 1966 SPIRITU
935 1922 1063 1966 SANOTO.

304 2040 392 2120 Quod
415 2040 453 2104 de
472 2040 635 2105 diuinitate
651 2041 751 2104 sancti
767 2041 896 2124 spiritns
911 2041 1059 2106 hesterna
1075 2040 1122 2105 die
1138 2041 1261 2106 caritati
1275 2043 1393 2104 uestrae

209 2174 234 2214 15
261 2145 469 2225 seruauimus,
500 2163 593 2225 nunc,
625 2145 652 2208 si
674 2145 798 2227 iubetis,
823 2164 893 2210 cum
918 2146 1040 2210 silentio
1064 2150 1096 2210 et
1118 2146 1221 2228 quiete
1248 2147 1393 2229 oportune

260 2250 311 2314 uel
334 2268 469 2332 congrue
493 2250 598 2313 audire
621 2250 762 2330 potestis,
1496 2265 1497 2272 ¹

304 2353 384 2418 Cum
415 2354 540 2436 spiritus
573 2354 673 2417 sancti
701 2372 869 2436 personam
899 2355 1057 2438 propriam
1087 2354 1335 2420 demonstremus
1366 2357 1393 2416 et

260 2461 381 2540 patrem
413 2457 617 2523 confiteamur
646 2459 832 2542 ingenitum,
863 2459 963 2522 filium
986 2477 1060 2523 uero
1083 2476 1307 2542 cognoscamus
1329 2457 1393 2520 uni-

260 2562 411 2646 genitum,
441 2562 565 2644 quaeris
596 2581 698 2643 ame,
729 2567 836 2627 utrum
868 2563 993 2646 spiritus
1025 2567 1150 2628 sanctus
1177 2564 1335 2647 ingenitus
1357 2579 1392 2624 au

209 2697 236 2735 eo
261 2667 388 2750 genitus
419 2684 457 2730 au
489 2667 562 2747 quid
591 2667 675 2732 aliud
702 2667 897 2732 confitendus
922 2668 971 2731 sit.
1018 2668 1189 2750 scripturae
1212 2670 1337 2731 sanctae
1359 2665 1391 2728 de

260 2771 403 2853 potentia
432 2776 463 2835 et
493 2771 609 2836 deitate
639 2773 766 2855 spiritus
790 2773 889 2836 sancti
912 2774 1090 2855 loquuntur,
1121 2775 1227 2836 utrum
1250 2790 1323 2836 uero
1344 2789 1393 2854 ge·

178 2895 182 2903 ’
262 2877 346 2940 uitus
377 2875 437 2939 dici
467 2876 579 2940 debeat
609 2894 648 2940 au
679 2877 851 2960 ingenitur,
885 2896 947 2942 uon
977 2878 1157 2959 loquuntur.
1203 2876 1289 2956 uide,
1322 2891 1392 2956 quas

263 2979 322 3043 sibi
345 2979 491 3044 tenebras
515 2979 682 3043 infidelitas
705 2980 788 3044 facit.
828 2999 889 3045 non
913 2981 961 3044 uis
986 2983 1075 3061 scire,
1098 2981 1179 3063 quod
1202 2981 1278 3045 deus
1301 2977 1393 3045 noluit

262 3084 408 3168 ignorari,
440 3088 471 3148 et
498 3085 546 3147 uis
570 3084 658 3163 scire,
689 3085 772 3166 quod
795 3103 857 3149 non
880 3085 972 3149 iussit
994 3085 1118 3167 inquiri.
1165 3101 1227 3149 uon
1251 3085 1324 3148 dixit
1345 3101 1393 3166 ge·

210 3216 236 3256 aa
263 3188 375 3268 nitum,
410 3207 448 3252 ne
478 3187 579 3252 filium
609 3189 761 3268 crederes,
793 3207 855 3253 non
885 3188 962 3253 dixit
991 3189 1178 3273 ingenitum,
1209 3208 1250 3253 ne
1279 3191 1392 3272 patrem

262 3296 399 3376 putares
423 3293 477 3357 sed
501 3294 540 3357 ad
563 3293 716 3357 essentiae
739 3292 973 3358 distinctionem
988 3294 1154 3376 procedere
1174 3311 1247 3356 eum
1264 3311 1297 3357 er
1313 3293 1392 3374 patre

263 3401 397 3462 testatus
421 3401 478 3478 est,
503 3397 584 3462 sicut
604 3399 754 3481 legimus:
785 3398 1014 3480 paracletus,
1045 3399 1106 3480 qui
1133 3417 1173 3461 ex
1195 3401 1300 3480 patre
1321 3411 1392 3478 pro

263 3502 372 3565 cedit.
408 3519 486 3584 quae
509 3520 581 3566 cum
604 3505 677 3582 sint,
700 3503 750 3566 uel
775 3504 819 3566 sic
842 3521 976 3586 agnosce
1000 3504 1142 3586 spiritum
1166 3505 1307 3566 sanetum
1330 3515 1393 3582 pro·

258 3607 364 3688 priam
395 3605 511 3670 habere
541 3624 717 3688 personam.
770 3611 894 3690 praeter
924 3607 1002 3671 duos
1034 3625 1103 3670 esse
1133 3607 1263 3670 tertium
1292 3602 1392 3688 probat

212 3739 237 3778 ao
264 3711 430 3775 diuersitas
460 3711 606 3791 dominio,
637 3711 858 3794 procedentem
889 3731 924 3775 ex
955 3712 1011 3775 deo
1041 3730 1103 3775 nou
1132 3729 1200 3774 esse
1223 3710 1326 3775 ordine
1347 3704 1392 3768 uel

368 3900 413 3969 27]
432 3900 525 3954 Ioann.
540 3903 580 3965 15,
594 3903 634 3956 26.

204 4085 212 4118 '¹
309 4096 342 4148 13
361 4091 457 4146 omelia
475 4092 507 4146 de
526 4093 621 4163 spiritu
640 4097 731 4147 sancto
749 4095 777 4150 lt
832 4097 863 4149 17
882 4095 1133 4164 cum-p.345,15
1146 4091 1290 4161 noluit]cf.
1303 4089 1390 4145 Fauor.

265 4183 297 4237 de
314 4183 380 4251 spir.
393 4198 415 4236 a.
424 4199 453 4251 p.
468 4185 526 4249 115,
539 4185 682 4248 8—116‚8
752 4185 784 4236 19
803 4181 920 4249 quaeris]
939 4180 1035 4248 aliquis
1053 4179 1117 4235 add.
1131 4181 1158 4236 R
1228 4182 1259 4234 21
1278 4177 1391 4232 locuntur

264 4270 292 4324 R
309 4276 421 4337 utroque
440 4270 496 4325 loco
566 4266 785 4336 24q110d]deus
805 4269 908 4324 auda
976 4270 1009 4322 27
1028 4266 1180 4336 paraclytus
1198 4267 1294 4322 omaso
1311 4259 1391 4331 quiR

264 4357 298 4409 28
317 4354 389 4422 curn]
408 4354 447 4407 ita
464 4355 527 4410 add.
542 4356 569 4409 R
621 4358 654 4410 29
672 4358 761 4423 proter
779 4355 806 4408 R
