3100 4892
259 444 372 498 XXXIV
707 446 949 515 Prolegomeua

258 715 352 798 ΟΑΡ.
371 715 414 798 Η.
442 715 501 798 DE
524 715 685 799 ulvsrl
707 715 948 799 odoremus
969 717 1019 799 IN
1041 717 1129 800 Hoc
1152 718 1396 802 VOLUMlNll

696 846 954 930 AltllIBl'lIS.

505 1049 545 1114 r.
568 1047 718 1115 rursm
740 1048 797 1113 ou
819 1048 985 1114 eurum
1006 1030 1138 1115 ursas.

289 1199 348 1261 ‘De
369 1197 458 1262 libris
481 1197 604 1280 scriptis
626 1197 849 1280 impressisque
873 1197 1060 1279 disputaturi
1076 1216 1149 1261 eum
1164 1216 1330 1278 sequemur
1345 1217 1395 1262 or-

257 1303 373 1382 dinem,
401 1319 461 1384 quo
489 1303 520 1365 in
547 1301 605 1365 hoc
632 1302 792 1365 uolumine
820 1301 945 1385 singula
966 1302 1074 1365 Fausti
1102 1301 1219 1383 scripta
1245 1321 1314 1366 sese
1342 1323 1394 1366 ex-

257 1407 382 1488 cipiunt.
414 1401 453 1470 'ao
468 1405 564 1470 libros
580 1406 657 1469 duos
673 1405 711 1469 de
726 1406 828 1490 gratia
842 1425 924 1470 unus
941 1409 1046 1469 seruat
1068 1406 1182 1469 codex
1197 1406 1392 1470 Parisinus

256 1509 399 1574 latinus
418 1509 672 1574 bibliothecae
693 1510 897 1574 rationalis
917 1529 948 1574 n.
963 1507 1049 1571 2166
1070 1509 1158 1592 (olim
1173 1508 1273 1595 4029)
1294 1530 1393 1574 mem-

256 1614 428 1678 branaceus
451 1632 531 1678 saec.
548 1613 653 1694 VIIII,
681 1614 824 1678 loliorum
847 1612 889 1675 69
912 1613 1012 1679 forma
1040 1615 1208 1694 octonaria,
1236 1615 1290 1696 qui
1317 1616 1392 1679 olim

255 1723 323 1783 erat
353 1718 473 1783 Claudii
503 1719 635 1782 Puteani
664 1715 904 1802 (of.lol.1¹in
935 1718 1076 1801 margine
1106 1719 1275 1803 inferiore).
1318 1720 1391 1784 folio

255 1824 355 1907 primo
370 1823 508 1906 praelixa
524 1826 572 1887 est
588 1821 782 1902 membrana,
798 1824 831 1886 in
843 1841 905 1904 qus
921 1841 1013 1886 uersa
1029 1827 1153 1887 exstant
1167 1823 1259 1888 haec:
1277 1833 1391 1885 contra

247 1924 370 2011 fausti
389 1927 474 1989 hunc
496 1924 630 2010 scripsit
654 1925 764 1990 beatus
780 1924 971 2013 fulpentius
994 1927 1164 2011 episcopus
1186 1927 1273 1990 sicut
1291 1928 1329 1989 iu
1353 1927 1390 2012 ti-

256 2029 337 2093 delio
368 2029 406 2093 de
435 2030 510 2094 uita
539 2030 647 2115 ipsius
659 2030 683 2114 ¹)
713 2030 898 2094 continetur
928 2030 964 2092 iu
995 2030 1045 2092 his
1076 2029 1195 2093 uerbis.
1241 2032 1291 2093 itu
1320 2041 1391 2094 erat

254 2145 349 2198 notus
372 2133 520 2198 omnibus
542 2133 689 2221 pentibus
712 2145 749 2198 ut
772 2133 837 2197 duo
862 2132 943 2196 libri
965 2155 1043 2218 quos
1058 2133 1201 2218 faustus
1223 2135 1391 2221 episcopus

253 2238 435 2326 palliorum
457 2249 570 2302 contra
592 2239 736 2325 pretium
757 2237 894 2302 subdolo
916 2259 1056 2302 sermone
1078 2239 1247 2324 conposuit
1264 2238 1390 2322 fauens

254 2342 374 2406 occulte
399 2341 588 2429 pelopionis
617 2344 674 2408 sed
701 2341 880 2406 catholicus
910 2353 1015 2406 tomen
1043 2340 1156 2406 uolens
1182 2342 1296 2405 uideri
1322 2365 1390 2405 cou-

254 2446 467 2532 stantinopott
488 2445 616 2532 offensis
632 2445 793 2533 plurimis
802 2445 975 2533 fratribus
991 2445 1037 2508 od
1052 2445 1178 2509 beatum
1186 2445 1390 2534 fulgentium

250 2550 419 2636 probandi
449 2550 681 2637 diriperentur.
720 2549 838 2636 quidus
857 2573 905 2638 'ne
936 2550 1094 2614 oecultum
1119 2551 1218 2613 uirus
1247 2562 1390 2636 serperet

254 2665 370 2740 septem
402 2654 498 2718 tibris
528 2655 599 2741 ipse
628 2656 797 2741 respondit
822 2654 903 2741 plus
932 2654 1085 2717 loborans
1112 2677 1268 2740 exponere
1295 2678 1390 2740 prtum

253 2759 399 2842 uincere;
425 2760 504 2844 puio
531 2759 647 2823 dubios
673 2781 830 2823 sermones
857 2759 927 2823 eius
954 2779 1111 2844 enponere
1137 2760 1194 2822 hoe
1216 2769 1288 2823 erat
1311 2758 1389 2822 deii-

253 2864 359 2928 rontis
389 2873 580 2950 urpumentu
609 2865 814 2946 conuincere;
843 2874 935 2927 caute
965 2863 1072 2949 ipitur
1103 2862 1253 2950 lependus
1283 2875 1330 2927 cst
1360 2875 1389 2926 et

252 2967 462 3032 subtilissime
492 2968 732 3032 retractandus.
771 2969 884 3052 quibus
914 2969 1034 3032 addidit
1064 2986 1176 3032 manus
1209 2971 1320 3034 ultera:
1351 2991 1390 3032 eae

253 3073 375 3136 decreto
405 3071 523 3159 pelusii
547 3095 660 3158 popae
691 3072 785 3136 urbis
814 3094 922 3136 romae
949 3071 1035 3158 puod
1064 3095 1135 3135 cum
1160 3071 1253 3135 LXX
1279 3072 1389 3136 erudi-

253 3177 386 3240 tissimis
416 3177 574 3264 episeopis
604 3177 797 3264 conscripsit
826 3187 856 3240 et
877 3176 1041 3260 firmauit.
1062 3175 1067 3262 Ι
1091 3176 1250 3262 opusculo
1272 3176 1389 3261 fausti

253 3281 406 3367 repiensis
421 3280 604 3368 palliarum
619 3281 818 3368 opocmfost)
843 3281 1027 3374 pennadiua
1042 3302 1121 3344 uero
1137 3282 1187 3344 ait
1201 3283 1390 3365 (sequuntur

253 3385 407 3451 Gennadii
418 3387 516 3451 uerba
531 3387 568 3450 de
580 3387 695 3450 Fausto
712 3387 839 3468 eiusque
855 3385 942 3450 libris
959 3386 997 3449 de
1011 3385 1124 3470 gratia,
1140 3387 1178 3449 de
1193 3386 1250 3451 uir.
1264 3387 1307 3451 ill.
1321 3385 1388 3472 86).

252 3489 366 3553 uideat
389 3489 461 3576 quis
484 3511 575 3574 quem
591 3489 768 3575 praeferat
783 3500 813 3553 et
827 3490 923 3553 cuius
938 3489 1040 3575 mopis
1057 3490 1284 3553 auctoritatem
1297 3492 1389 3575 sequi

254 3593 363 3658 debeat
385 3604 414 3658 et
435 3603 549 3657 utrum
571 3595 620 3657 ito
635 3593 777 3680 faustus
797 3594 916 3657 sentiat
935 3594 1021 3656 sicut
1039 3593 1222 3679 peunodius
1238 3605 1387 3659 testatur.

253 3698 615 3764 fol1¹manusalnera
642 3699 795 3763 exercuit:
820 3697 934 3784 fausti
963 3698 1104 3784 repensis
1131 3695 1183 3785 epi
1213 3699 1293 3762 libri
1323 3699 1388 3763 duo

254 3800 291 3864 de
317 3801 439 3887 pretio,
469 3806 500 3867 et
530 3803 639 3885 incipit
669 3804 803 3886 epistula
825 3803 933 3867 Fausti
960 3803 999 3867 ad
1021 3803 1183 3886 Lucidum,
1214 3824 1308 3887 quam
1336 3825 1389 3870 ex-

253 3907 329 3988 eipit
344 3908 479 3992 epistula
493 3908 602 3972 Lucidi
618 3908 656 3971 ad
672 3908 826 3972 Faustum
849 3906 900 3990 (ci.
918 3908 999 3972 inlra
1012 3927 1042 3990 p.
1061 3907 1231 3972 161-168
1248 3915 1279 3974 et
1293 3929 1389 3994 supra

253 4030 283 4094 p.
302 4012 404 4095 XI'II).
432 4012 484 4076 fol.
501 4011 535 4074 4²
551 4011 660 4094 incipit
674 4013 831 4096 prologus,
853 4013 905 4077 fol.
923 4010 958 4075 5¹¹
980 4012 1118 4095 capitula
1138 4014 1212 4079 libri
1234 4014 1325 4098 primi
1349 4015 1388 4079 de

296 4218 317 4286 ¹)
335 4217 375 4272 Ol.
388 4217 515 4272 Ferrsudi
529 4217 633 4272 diaconi
651 4219 707 4272 uita
725 4233 744 4272 a.
758 4218 893 4287 Fulgentii
909 4220 1054 4290 Ruspensis
1072 4221 1187 4290 episcopi
1205 4220 1276 4290 apud
1287 4221 1387 4290 lligue,

252 4303 324 4358 Patr.
337 4303 383 4358 lat.
397 4304 468 4358 va
487 4307 543 4362 145.

287 4391 308 4459 ²)
326 4389 366 4444 Cf.
387 4407 467 4460 supra
484 4407 509 4460 p.
522 4391 593 4445 XVI.
