3100 4892
594 453 691 508 Liber
709 455 723 508 I
742 457 852 511 12—13.
1229 455 1291 520 125

193 629 280 693 Nihil
303 629 408 712 itaque
430 630 463 695 in
485 631 598 713 spiritu
621 634 730 695 sancto
753 631 963 714 semiplenum
978 635 1114 715 putetur,
1137 632 1211 714 quia
1226 633 1292 715 ple·

152 734 287 798 nitudini
310 737 516 818 comparatm.
554 735 705 817 namqui
728 735 767 799 ad
788 736 892 800 uicem
915 735 963 799 dei
986 735 1123 820 pignoris
1146 737 1213 800 loco
1235 737 1291 800 tri-

152 837 268 920 buitur,
298 839 347 904 fas
370 857 434 904 uon
457 843 514 919 est,
541 843 576 903 ut
599 839 684 904 aliud
706 857 802 921 quam
825 839 902 904 deus
925 857 994 904 esse
1018 839 1170 904 credatur.
1214 840 1290 904 item

153 943 191 1007 ad
206 943 328 1008 Titum:
352 944 478 1008 saluos
501 962 566 1008 nos
590 944 683 1008 lecit
702 963 766 1028 per
781 944 973 1008 lauaorum
988 944 1290 1027 regenerationis

153 1051 187 1113 et
216 1049 475 1113 renouationis
505 1048 664 1133 spiritus
695 1049 830 1128 sancti,
862 1066 968 1130 quem
1000 1047 1137 1112 effudit
1165 1048 1201 1112 in
1224 1067 1329 1114 noso

153 1151 296 1217 abunde
319 1151 522 1237 perleeum
544 1151 743 1218 Christum.
783 1171 853 1216 ecce
877 1153 973 1216 etiam
995 1151 1046 1216 hic
1069 1152 1127 1216 sub
1150 1153 1290 1217 trinitate

153 1257 318 1321 manifesta
339 1260 428 1341 pater
451 1277 505 1341 per
528 1256 629 1322 filium
648 1256 873 1322 abundantiam
889 1257 989 1320 sancti
1009 1257 1135 1339 spiritus
1159 1256 1292 1322 effundit

153 1364 191 1441 et,
214 1361 296 1443 quod
311 1362 363 1426 uel
378 1362 513 1426 maxime
528 1361 755 1426 aduertendum
771 1365 829 1441 est,
845 1361 904 1445 ipsi
920 1364 1027 1425 sancto
1043 1361 1167 1443 spiritui
1182 1364 1290 1443 poten·

153 1465 228 1528 tiam
242 1466 487 1550 regenerationis
504 1469 536 1530 et
550 1467 760 1531 renouationis
785 1465 942 1530 adscribit.
977 1465 1088 1528 Petrus
1112 1482 1234 1547 quoque
1257 1466 1290 1529 in

153 1570 286 1653 epistula
307 1588 366 1635 sua
387 1570 628 1655 inseparabilem
651 1571 793 1655 personis
817 1571 950 1654 explicat
973 1569 1145 1635 trinitatem
1168 1569 1288 1634 dicens:
1318 1597 1342 1636 10

153 1673 1289 1759 secundumpraescientiamdeipatris‚insanctificationem

152 1779 322 1861 spiritus,
356 1780 394 1844 in
428 1778 704 1845 oboedientiam
736 1783 772 1844 et
803 1779 1059 1863 aspersionem
1094 1779 1289 1864 sanguinis

152 1882 233 1947 lesu
249 1882 393 1949 christi
411 1885 535 1968 gratia
555 1884 662 1950 uobis
686 1888 721 1949 et
744 1903 811 1967 pax
831 1883 1116 1967 multiplicetur.
1152 1884 1183 1948 in
1199 1901 1290 1967 prae·

152 1987 280 2053 scientia
300 1992 401 2072 pater,
425 1989 456 2052 in
480 1989 726 2054 sanctificatione
748 1989 877 2073 spiritus
901 1992 1039 2068 sanctus,
1062 1989 1093 2051 in
1111 1989 1288 2072 aspersione

153 2093 309 2176 sanguinis
332 2092 477 2159 christus
500 2094 685 2159 ostenditur.
1317 2119 1341 2158 re

672 2319 761 2386 XIII.

379 2481 525 2524 nocuum
547 2481 610 2523 NON
632 2480 709 2522 ESSE
732 2481 878 2524 SPIRITUM
902 2480 1055 2524 fleuerunt.

192 2615 293 2680 Deum
324 2616 470 2699 spiritum
501 2619 646 2681 sanctum
674 2635 709 2681 ex
732 2617 798 2680 suis
822 2615 990 2681 uirtutibus
1014 2619 1045 2680 et
1068 2615 1212 2700 operibus
1236 2616 1289 2680 de-

152 2723 367 2784 monstremus.
414 2721 515 2785 omnis
543 2724 686 2785 creatura
713 2722 794 2785 sicut
816 2725 994 2804 temporum
1017 2720 1113 2784 initiis
1137 2720 1287 2802 subiacet,

151 2821 245 2887 itaet
266 2824 396 2888 localem
420 2843 453 2889 se
477 2825 569 2890 certis
593 2826 702 2908 spatiis
725 2829 757 2890 et
779 2824 893 2890 finibus
917 2825 1152 2907 circumscripta
1174 2843 1287 2909 cogno-
1314 2853 1340 2892 eo

151 2927 215 2991 scit.
262 2929 388 3011 spiritus
418 2934 545 2994 sanctus
575 2929 670 2994 nullis
700 2929 841 2994 terminis
873 2933 1036 3012 tamquam
1065 2929 1189 2994 factura
1213 2948 1287 2994 eon-

151 3031 291 3114 cluditur‚
315 3033 390 3098 deus
414 3052 542 3098 necesse
565 3038 614 3098 est
635 3052 691 3116 pro
713 3035 782 3118 ipsa
805 3034 948 3099 libertate
968 3033 1098 3099 diffusae
1113 3035 1286 3099 maiestatis

151 3134 307 3201 habeatur.
374 3138 492 3203 domini
526 3138 691 3203 saluatoris
725 3138 764 3202 ad
799 3138 955 3222 apostolos
989 3157 1048 3203 uox
1082 3142 1144 3204 est:
1182 3138 1288 3203 dabit

152 3240 267 3322 nobis,
298 3241 408 3324 inquit,
438 3245 545 3326 pater
575 3243 751 3326 spiritum
780 3244 972 3323 ueritatIS,
1003 3243 1065 3326 qui
1092 3242 1286 3309 uobiscum

152 3343 257 3409 sitin
280 3351 485 3413 aeternum.
531 3348 558 3412 si
581 3349 689 3412 localis
713 3352 762 3412 est
785 3351 816 3412 et
835 3351 985 3432 perpetuo
1001 3347 1033 3411 in
1049 3348 1110 3412 illis
1127 3347 1285 3430 manebat,
1312 3375 1337 3414 ss

152 3449 253 3532 utique
282 3451 356 3517 alibi
380 3471 448 3518 esse
471 3471 534 3518 non
556 3457 688 3537 poterat.
734 3453 907 3534 uideamus,
931 3453 956 3516 si
980 3453 1045 3517 eius
1069 3457 1182 3517 natura
1203 3454 1285 3518 loca-

250 3641 278 3712 4]
296 3643 349 3698 Tit
361 3645 387 3708 a,
400 3646 423 3698 5.
479 3642 524 3713 11]
545 3643 643 3699 neser.
658 3647 681 3707 1,
694 3646 718 3699 2.

195 3843 209 3897 1
228 3841 264 3896 nil
276 3843 304 3898 P
354 3809 603 3913 som'ffeelpplonum
623 3845 650 3900 P
665 3843 727 3914 (sup
745 3861 816 3899 maa.
830 3845 907 3912 leot),
926 3859 1030 3914 semper
1048 3843 1091 3898 uel
1108 3843 1284 3915 semiplenum

153 3929 350 3999 superplenum
371 3929 516 3999 plenumo
566 3931 802 4001 PoonparaturP
852 3930 1043 3985 llauaohrum
1058 3933 1085 3986 P
1135 3931 1246 3987 5nobis
1259 3933 1287 3986 P

152 4014 318 4070 thabnudae
335 4018 365 4086 V,
383 4016 548 4072 habundeP
599 4017 801 4072 imanifesteo
853 4018 963 4087 apicibus
976 4018 1061 4072 sancti
1075 4019 1102 4072 P
1152 4017 1287 4072 effudItP

152 4101 225 4155 8uel
240 4121 325 4160 otoo
386 4104 483 4173 spiritu
499 4107 526 4160 V
582 4104 742 4160 bassoribit
759 4105 787 4160 P
840 4109 872 4160 lo
890 4105 1130 4174 insuperabilemo
1193 4108 1223 4162 11
1243 4103 1283 4174 in]

151 4191 176 4240 et
192 4190 219 4242 P
266 4191 476 4246 sanctificatione
492 4194 518 4246 V
569 4195 601 4248 14
619 4193 707 4262 pater]
726 4195 753 4245 et
770 4193 870 4248 addo
923 4197 1129 4249 sanctimonae
1183 4195 1215 4247 19
1233 4191 1284 4245 ini-

152 4275 196 4328 ciis
212 4277 238 4330 P
296 4281 330 4334 20
349 4281 377 4333 et
394 4297 480 4358 oeno
532 4277 644 4333 localem
663 4280 701 4349 se]
719 4279 811 4333 localis
830 4295 885 4332 esse
904 4281 931 4336 P
987 4281 1082 4350 spaciis
1101 4281 1128 4334 P
1187 4295 1283 4348 cogno·

152 4406 229 4460 scitur
246 4410 272 4463 P
333 4412 366 4466 21
384 4369 477 4478 ii‘quit
493 4411 521 4464 P
536 4409 682 4480 (aepraacr.
697 4428 769 4466 moa.
783 4411 851 4480 alt),
869 4413 945 4480 pater
962 4411 1049 4478 inquit
1066 4429 1082 4466 o
