3100 4892
243 442 286 505 Μ
706 443 920 511 [Domum

241 618 329 700 petit,
352 619 492 700 inquam,
515 620 575 683 hoc
596 618 717 701 legibus
736 619 860 698 nostris,
883 622 919 683 ut
935 620 972 699 ei,
995 638 1089 702 quem
1105 619 1271 703 glorificari
1288 619 1381 683 etiam

242 740 278 785 ex
311 721 413 787 officio
446 740 503 787 suo
534 723 690 804 uolumus,
725 724 891 787 materiam
922 726 954 787 et
984 741 1111 787 causam
1142 724 1260 807 gloriae
1290 722 1381 787 dene

241 845 362 909 gemus,
385 829 422 892 ut
444 846 527 907 eum,
555 846 650 909 quem
674 827 816 909 cupimus
840 828 997 891 munerari
1020 846 1076 910 per
1099 828 1215 892 nudam
1238 828 1381 911 gratiam,

240 931 394 995 faciamus
411 932 449 995 dc
464 930 570 996 labore
585 932 708 1015 proprio
724 932 803 995 nihil
819 932 940 995 mereri.
970 933 1098 995 exerant
1107 933 1209 1015 potius
1225 932 1258 995 111
1271 950 1307 996 co
1319 931 1382 995 sin·

202 1062 215 1099 s
240 1034 373 1117 gillatim
393 1036 495 1100 sociae
514 1036 593 1099 istae
613 1053 842 1118 germanaeque
862 1036 1005 1116 uirtutes,
1026 1039 1154 1100 exerant
1172 1040 1277 1119 partes
1299 1053 1380 1099 suas.

239 1140 397 1221 potentiae
431 1141 472 1203 sit
501 1142 582 1204 inter
613 1143 726 1203 cuncta
755 1138 906 1220 uisibilia,
940 1140 1125 1221 praesertim
1159 1140 1241 1204 inter
1274 1139 1381 1203 hostes

240 1242 456 1308 habitaturum
478 1262 583 1307 creare
606 1243 784 1324 sublimem,
816 1243 986 1326 sapientiae
1014 1244 1155 1308 ordinare
1185 1244 1381 1327 prudentem,

239 1344 390 1411 bonitatis
414 1348 561 1412 adiuuare
585 1351 768 1429 certantem,
791 1348 929 1412 iustitiae
952 1366 1098 1413 coronare
1121 1349 1309 1413 uincentem.

284 1451 393 1515 Talem
426 1470 499 1535 crgo
529 1452 690 1516 homiuem
711 1470 767 1535 pro
790 1451 928 1516 utilitate
951 1453 999 1516 sui
1022 1471 1058 1517 ac
1081 1471 1136 1536 pro
1159 1453 1257 1517 nostri
1281 1452 1383 1536 digni·

189 1584 213 1622 10
240 1559 304 1619 tate
324 1556 486 1636 faciamus,
510 1574 603 1638 quem
624 1556 657 1620 in
680 1555 839 1620 dexteram
862 1560 983 1639 partem
1002 1557 1185 1621 contrahat
1201 1558 1382 1636 necessitas,

241 1660 297 1723 sed
319 1660 474 1741 uoluntas,
498 1661 553 1742 qni
574 1662 693 1725 malum
716 1660 836 1725 ratione
851 1659 1024 1745 intellegat,
1047 1661 1165 1725 bouum
1181 1662 1298 1725 uirtute
1314 1680 1383 1744 per·

240 1763 334 1828 ficiat.
368 1765 464 1829 talem
478 1764 641 1847 iaciamus,
665 1765 714 1829 cui
734 1765 858 1830 bonitas
875 1766 907 1829 111
923 1769 1046 1847 natura,
1069 1766 1191 1830 malitia
1205 1784 1280 1847 uero
1299 1770 1385 1830 extra

241 1872 385 1931 naturam
409 1869 460 1949 sit,
489 1872 541 1951 qui
563 1868 681 1933 bonum
704 1870 737 1933 in
760 1869 933 1950 uoluntate,
961 1871 1080 1934 malum
1104 1869 1220 1934 habeat
1241 1872 1273 1933 in
1297 1873 1384 1951 pote-

240 1976 332 2052 state,
356 1973 410 2054 qui
430 1973 549 2037 bonum
572 1974 756 2038 naturaliter
772 1974 857 2055 uelit,
881 1976 1002 2038 malum
1018 1975 1181 2039 actualiter
1197 1974 1308 2057 possit,
1333 1976 1384 2056 qul

191 2106 213 2145 11
242 2077 390 2141 mandata
419 2083 528 2142 nostra
557 2079 712 2143 custodiat
733 2078 931 2143 uoluntarius
955 2081 986 2142 et
1007 2079 1177 2160 periclitari
1200 2096 1263 2143 non
1286 2078 1385 2161 possit

240 2181 369 2262 inuitus,
401 2183 450 2246 cui
471 2182 573 2264 prima
595 2184 656 2247 ista
677 2183 718 2247 sit
739 2184 840 2247 laudis
863 2183 992 2263 occasio,
1023 2186 1058 2246 ut
1079 2201 1209 2265 peccare
1233 2186 1264 2247 et
1286 2184 1385 2265 possit

241 2289 273 2349 et
304 2286 390 2351 nolit.
437 2287 572 2351 sufficiat
602 2291 718 2367 autem,
753 2288 833 2369 quod
866 2288 898 2351 111
928 2286 1180 2369 quadrupedibus
1211 2290 1242 2351 et
1272 2286 1384 2366 brutis,

241 2408 321 2472 quae
349 2390 531 2456 subicienda
552 2396 627 2455 sunt
648 2392 775 2471 homini,
808 2392 870 2455 iam
894 2392 1024 2455 lecimus
1048 2393 1111 2456 tale
1134 2392 1260 2471 animal,
1292 2390 1385 2472 quod,

241 2494 315 2558 dum
338 2512 403 2559 non
426 2499 475 2559 est
497 2495 665 2559 obnoxium
689 2496 809 2577 culpae,
833 2496 970 2559 fructum
993 2512 1054 2559 non
1077 2499 1180 2576 potest
1202 2494 1386 2559 1111111111-

188 2628 214 2667 11
240 2600 354 2663 stitiae.
398 2600 482 2663 hunc
515 2603 620 2664 autem
651 2618 713 2664 non
744 2604 866 2683 oportet
896 2620 964 2665 esse
994 2600 1121 2683 pecudis
1152 2600 1300 2679 similem,
1335 2600 1385 2662 cui

240 2705 436 2769 commissuri
448 2723 557 2768 sumus
574 2708 698 2770 nostrae
713 2704 858 2788 imaginis
874 2706 1068 2788 dignitatem.
1093 2705 1322 2788 interrogemus
1339 2722 1385 2783 ea,

240 2827 320 2891 quac
335 2810 454 2892 peccati
470 2811 575 2873 nescia
590 2828 626 2873 ac
641 2810 770 2873 rationis
787 2811 896 2893 ignara
912 2808 1029 2891 absque
1045 2809 1109 2873 ullo
1129 2809 1313 2892 prudentiae
1329 2808 1386 2873 ho-

240 2931 314 2977 nore
336 2915 551 2979 formauimus.
587 2914 738 2996 numquid
761 2915 897 2997 proderit
919 2914 1028 2997 pecudi
1049 2913 1235 2995 simplicitas
1257 2931 1315 2977 sua
1331 2916 1385 2977 aut

240 3018 343 3083 arbori
366 3018 539 3083 fecunditas
562 3020 640 3082 sua?
678 3036 753 3101 erga
774 3019 937 3082 hominum
961 3022 1102 3081 nostrum
1125 3036 1187 3081 11111
1210 3017 1384 3101 poterimus

187 3149 213 3188 25
239 3122 323 3185 laudi
346 3123 486 3187 conferre
508 3123 657 3205 palmam,
685 3124 711 3186 si
734 3123 879 3187 uolumus
900 3123 1079 3187 necessitati
1094 3123 1211 3187 seruire
1227 3125 1384 3186 naturam.

282 3226 377 3291 Hunc
400 3245 473 3311 ergo
496 3228 670 3291 conditione
694 3226 865 3307 subditum,
889 3226 1074 3292 discretione
1094 3227 1239 3307 liberum,
1263 3228 1384 3291 ratione

239 3333 412 3414 perlectum
436 3334 481 3397 ita
502 3333 645 3396 ordinare
667 3349 724 3395 nos
747 3350 882 3414 aequum
906 3336 954 3395 est
977 3331 1034 3396 sub
1058 3334 1213 3414 potestate
1229 3332 1386 3414 permissa

241 3441 272 3501 et
301 3438 372 3521 lege
402 3437 571 3519 proposita,
601 3440 637 3500 ut
667 3436 807 3500 custodia
836 3435 995 3518 praecepti
1024 3436 1128 3500 aditus
1161 3440 1192 3500 et
1222 3454 1317 3499 causa
1345 3436 1386 3499 sit

239 3543 378 3624 praemii.
415 3560 488 3605 nam
512 3541 538 3604 si
561 3542 636 3604 mali
659 3540 779 3622 copiam
804 3558 841 3603 ac
862 3540 1021 3605 licentiam
1044 3558 1106 3605 non
1129 3540 1285 3619 habuerit,
1308 3539 1384 3604 boni

188 3670 214 3708 11
240 3647 372 3730 gloriam
403 3664 464 3710 non
494 3646 633 3710 habebit.
690 3646 716 3708 si
749 3647 834 3709 iuxta
866 3644 1111 3709 beniuolentiam
1146 3648 1285 3709 nostram
1320 3663 1384 3709 non

241 3751 337 3815 etlam
368 3770 424 3815 suo
455 3750 555 3814 studio
578 3750 629 3813 uel
651 3748 758 3813 labore
781 3749 1020 3832 praedicabilem
1043 3749 1180 3813 tenuerit
1202 3748 1384 3829 sanitatem,

239 3874 302 3921 non
326 3856 386 3920 erit
408 3855 595 3936 innocentia,
626 3854 682 3917 sed
703 3853 825 3935 inertia,
857 3858 888 3918 11
909 3857 1071 3937 praeterea
1093 3852 1267 3936 praemium
1291 3853 1384 3936 perit,

283 4076 1384 4150 3fflfflmlffiommfftwmmle

239 4165 1385 4235 umPMfflwlwfflwPumwrmmm

239 4281 432 4392 1111111111
503 4282 534 4334 rs
551 4244 634 4333 aas?
638 4280 666 4333 1>
732 4280 766 4333 11
785 4278 900 4346 absquae
918 4280 946 4333 P
1014 4278 1069 4331 uua
1087 4280 1115 4332 r
1176 4280 1211 4333 11
1230 4278 1338 4347 peeeour
1358 4280 1386 4333 P

241 4393 363 4450 QN
