3100 4892
246 423 290 486 20
713 423 733 476 l.
753 424 797 475 De
816 424 926 491 gratia

246 600 371 680 quium:
409 616 480 663 non
512 617 578 683 ego
613 602 747 663 autem.
796 601 869 681 quia
906 602 1099 664 mentionem
1137 600 1232 665 solius
1271 602 1386 666 laboris

244 703 402 783 intulerat,
436 704 496 767 cito
526 704 615 785 quasi
644 703 684 766 ad
714 703 894 786 amplerum
924 704 1034 767 matris
1065 706 1186 787 gratiae
1219 707 1387 769 recucurrit

244 807 365 871 dicens:
394 808 457 872 sed
484 808 607 892 gratia
634 807 692 870 dei
720 826 871 871 mecum.
910 809 1047 892 gratia,
1075 810 1186 892 inquit,
1215 810 1273 874 dei
1296 829 1383 874 snm.

244 913 361 996 primas
384 918 489 996 partes
512 914 569 977 soli
591 914 711 996 gratiae
734 914 784 996 pie
801 912 959 977 subiectus
976 914 1150 997 adscripsit,
1173 916 1277 979 media
1292 933 1386 997 quae-

192 1037 205 1074 s
244 1035 304 1099 que
326 1017 426 1082 labori
449 1018 600 1101 magister
622 1016 837 1081 oboedientiae
860 1017 1032 1100 deputarit,
1063 1022 1230 1101 utrumque
1257 1020 1290 1083 in
1313 1038 1385 1084 con-

243 1123 450 1186 summatione
484 1122 663 1186 moderatus
701 1122 837 1204 gratiam
870 1121 1072 1204 laboremque
1106 1124 1274 1187 coniunxit.
1323 1142 1384 1188 non

242 1226 332 1289 dixit:
356 1244 412 1309 ego
437 1226 503 1290 sine
518 1228 620 1309 gratia
635 1227 686 1290 uel
708 1226 810 1309 gratia
832 1226 899 1290 sine
922 1246 983 1307 me,
1008 1228 1061 1289 sed
1084 1229 1209 1310 gratia
1232 1229 1290 1293 dei
1315 1248 1384 1292 me-

241 1348 331 1393 cum.
374 1349 453 1413 quae
479 1330 566 1414 prius
595 1330 779 1413 singillatim
803 1330 952 1395 distincta
977 1331 1158 1413 protulerat,
1185 1332 1383 1414 quambene

241 1434 273 1497 in
297 1435 450 1498 sermonis
480 1434 542 1498 fine
570 1435 721 1498 conexuit.
766 1454 803 1499 ac
830 1436 875 1498 sic
903 1434 984 1525 apud
1014 1440 1228 1518 regeneratoS,
1260 1436 1383 1519 quando

191 1559 216 1595 ιο
240 1538 342 1621 gratie
369 1539 435 1602 sine
463 1539 569 1603 labore
593 1539 644 1602 uel
670 1537 759 1603 labor
787 1539 853 1603 sinc
880 1540 981 1622 gratia
1008 1540 1040 1602 in
1064 1540 1224 1623 scripturis
1247 1542 1383 1624 ponitur,

240 1642 457 1725 supprimitur,
492 1660 553 1706 non
585 1646 756 1726 separatur.
803 1662 875 1706 cum
905 1661 1003 1707 unum
1035 1643 1102 1707 sine
1132 1644 1230 1708 altero
1261 1646 1382 1725 dicitur,

239 1749 361 1811 tacetur
383 1747 529 1827 alterum,
556 1764 617 1810 non
643 1751 776 1830 negatur
799 1746 970 1811 secundum
993 1748 1080 1811 illam
1104 1749 1256 1832 regulam,
1287 1766 1381 1830 quam

240 1851 370 1914 antistes
400 1850 598 1937 Augustinus
629 1852 785 1915 insinuat:
824 1870 895 1915 non
929 1851 1053 1915 omnia
1082 1870 1174 1933 quae
1209 1856 1383 1917 tacentur

238 1959 434 2037 negantur.

189 2079 212 2117 n
283 2058 343 2123 Sed
366 2060 474 2123 etalio
496 2060 564 2124 loco
587 2060 663 2124 dicit
683 2060 857 2142 apostolus:
882 2060 1021 2143 castigo
1045 2079 1177 2144 corpus
1201 2078 1322 2125 meum
1346 2064 1382 2125 et

238 2163 277 2227 in
301 2164 526 2227 seruitutem
548 2165 694 2247 redigo,
718 2184 761 2228 ne
786 2164 897 2245 forte,
926 2182 1006 2228 cum
1030 2165 1115 2228 aliis
1143 2165 1382 2247 praedicane-

236 2268 320 2347 rim,
354 2268 433 2349 ipse
466 2267 647 2350 reprobus
681 2268 840 2331 efficiar.
888 2286 958 2331 ecoe
988 2268 1099 2333 beatus
1129 2270 1288 2352 apostolus
1317 2271 1378 2334 iam

237 2370 361 2435 Christo
383 2372 567 2453 adquisitus,
595 2372 659 2435 iam
683 2390 738 2436 uas
762 2372 924 2436 electionis
948 2372 1077 2437 ellectus
1101 2391 1297 2456 nequaquam
1321 2375 1379 2437 sub

235 2477 360 2539 nomine
376 2476 666 2559 praedestinationis
682 2481 715 2540 et
729 2477 849 2560 gratiae
865 2476 927 2540 otio
951 2496 1065 2541 manus
1082 2478 1212 2558 relaxat,
1236 2478 1291 2543 sed
1307 2496 1381 2542 cum

184 2600 210 2637 eo
236 2580 285 2644 dei
313 2580 470 2644 beneficiis
502 2583 632 2645 conatus
659 2599 732 2645 suos
760 2582 864 2664 iungit
894 2586 926 2645 et
953 2581 1040 2645 dicit:
1072 2583 1218 2666 castigo
1246 2600 1380 2665 corpus

235 2704 355 2748 meum
378 2686 473 2749 etin
496 2686 722 2749 seruitutem
749 2686 888 2768 redigo.
936 2702 1005 2750 ecce
1028 2687 1091 2751 iam
1115 2686 1211 2770 partis
1235 2687 1380 2751 dexterae

235 2789 326 2853 miles
349 2793 412 2869 est,
441 2793 472 2853 et
499 2790 580 2870 uide,
609 2789 762 2872 quomodo
790 2790 959 2873 periclitari
986 2791 1099 2855 metuit
1127 2792 1191 2854 iam
1217 2791 1380 2874 probatus,

235 2892 389 2975 quomodo
411 2892 571 2975 reprobari
594 2894 786 2976 pertimescit
810 2894 937 2957 electus.
983 2894 1046 2957 iam
1070 2894 1234 2959 uictoriam
1256 2897 1289 2959 in
1312 2914 1380 2959 ma-

235 2997 327 3061 nibus
355 2996 452 3062 hebet
481 3002 513 3062 et
541 2999 674 3061 necdum
702 3016 790 3061 arma
813 2999 950 3080 deponit,
977 2998 1041 3061 iam
1068 2999 1236 3081 perductus
1265 3003 1313 3062 est
1340 3000 1378 3063 ad

183 3121 208 3157 aa
236 3102 431 3184 triumphum
454 3106 485 3166 et
507 3102 608 3166 adhuc
631 3102 761 3165 militiae
784 3102 978 3185 pertimescit
1005 3106 1164 3167 euentum.
1203 3120 1282 3185 quac
1306 3121 1378 3166 cum

233 3206 277 3268 ita
304 3206 381 3285 sint,
407 3206 550 3289 perspice
577 3210 608 3269 te
635 3224 700 3270 non
727 3210 837 3270 contra
863 3205 1018 3270 infirmam
1048 3225 1278 3289 quamcumque
1308 3226 1379 3289 per-

234 3328 359 3391 sonam,
398 3311 454 3374 sed
484 3314 593 3374 contra
627 3312 743 3374 summi
779 3311 910 3393 apostoli
945 3311 1117 3375 doctrinam
1153 3312 1249 3375 armis
1287 3311 1378 3393 impii

234 3414 344 3477 erroris
360 3415 521 3498 insurgere
538 3419 570 3479 ct
585 3414 719 3494 Christo,
736 3414 789 3496 qui
804 3414 888 3477 intra
904 3432 975 3477 eum
991 3415 1136 3496 loquitur,
1153 3416 1375 3479 contradicere.

234 3518 371 3599 dumque
393 3518 508 3583 laboris
531 3520 695 3582 seruitium
718 3522 749 3582 et
771 3519 880 3583 orandi
904 3536 1015 3583 causas
1038 3520 1160 3599 adimis,
1183 3521 1308 3583 ianuam
1327 3538 1378 3583 sa-

181 3642 206 3679 ar
235 3623 311 3686 lutis
334 3623 472 3686 humano
499 3624 606 3707 generi
630 3624 836 3687 intercludere
868 3626 898 3687 te
930 3641 1063 3707 agnosce
1088 3628 1129 3704 et,
1153 3625 1228 3687 dum
1256 3624 1376 3707 Pelagii

339 3830 384 3899 15]
405 3832 418 3884 1
438 3827 496 3884 cor.
516 3832 541 3894 9,
554 3830 596 3884 aa.

275 3996 457 4051 2recurritc
511 3993 640 4063 3inqnid
658 3995 686 4047 P
735 3994 830 4063 ‹lpiae
848 3996 875 4048 P
926 3995 1166 4071 5utrumquaeP
1216 3995 1378 4063 dgratiaP

231 4107 417 4176 laboremquee
434 4109 462 4162 P
529 4106 713 4174 8singiiatim
732 4107 759 4160 P
818 4110 846 4161 11
867 4074 947 4161 ungm
961 4109 1001 4161 P¹
1055 4108 1138 4160 altero
1152 4109 1258 4177 scripsi,
1272 4106 1326 4161 alto
1340 4108 1376 4173 P,

231 4195 312 4250 aliov
348 4197 380 4250 13
399 4194 533 4247 antistites
552 4195 580 4248 P
633 4194 771 4261 agustinus
790 4195 818 4247 P
865 4198 895 4250 ro
914 4194 1184 4266 predistinationisP
1234 4194 1279 4247 scd
1299 4194 1374 4262 cnm]

230 4282 375 4335 secundum
395 4283 423 4336 P
498 4285 532 4337 20
554 4284 670 4334 conatus
693 4298 740 4333 uos
763 4283 791 4335 P
866 4285 895 4337 21
926 4282 1032 4335 dextrae
1051 4302 1067 4335 o
1141 4285 1175 4337 29
1198 4281 1330 4349 dunrquac
1348 4283 1377 4335 P

230 4369 331 4423 adimes
351 4370 378 4423 P
