3100 4892
648 427 777 481 Liberi
796 432 819 483 9.
1260 430 1298 491 31

167 608 297 666 contra
319 604 510 684 spiritalia
537 604 729 684 nequitiae
760 603 797 666 in
827 603 1065 667 caelestibus.
1104 608 1302 687 propterea

166 707 328 788 accipite
358 711 583 771 armaturam
611 708 683 786 dei,
714 710 753 770 ut
783 708 939 788 possitis
969 708 1146 771 resistere
1177 709 1213 771 in
1244 708 1301 773 die

163 812 259 874 malo
290 816 327 874 et
359 812 396 874 in
426 810 598 875 omnibus
628 811 790 893 perfecti
822 814 931 874 stare.
979 814 1075 874 state
1107 830 1193 895 ergo
1223 831 1303 877 suc·

164 915 278 978 cincti
301 914 447 979 lumbos
469 919 618 979 uestros
641 916 676 978 in
701 915 882 993 caritate,
903 914 1024 979 induti
1052 915 1168 979 lorica
1194 917 1301 980 iusti-

165 1020 239 1083 tiae
260 1024 296 1083 et
310 1020 469 1083 calceati
489 1019 601 1101 pedes
621 1020 657 1082 in
674 1019 962 1100 praeparatione
979 1020 1167 1101 euangelii
1183 1021 1299 1103 pacis,
1340 1040 1353 1079 a

163 1124 197 1186 iu
229 1124 402 1187 omnibus
437 1128 630 1187 sumentes
661 1127 808 1185 scutum
839 1123 945 1203 fidei,
977 1123 1013 1187 in
1044 1142 1113 1205 quo
1144 1125 1300 1206 possitis

163 1228 286 1289 omnia
307 1227 384 1291 tela
406 1227 629 1307 nequissimi
652 1227 762 1310 ignea
785 1228 1013 1309 extinguere.
1045 1246 1116 1291 oum
1140 1227 1238 1291 dicat:
1261 1233 1301 1293 ut

163 1332 321 1413 possitis
346 1334 446 1396 stare
470 1331 650 1395 aduersus
679 1331 838 1395 insidias
861 1331 1016 1410 diaboli,
1047 1336 1079 1394 et
1104 1334 1232 1395 iterum:
1260 1336 1301 1395 ut

164 1436 321 1516 possitis
336 1436 518 1500 resistere
533 1436 569 1499 in
586 1435 645 1499 die
661 1435 771 1515 malo,
789 1435 863 1499 etin
876 1436 1092 1517 consequenti:
1110 1439 1300 1500 sumentes

163 1542 309 1601 scutum
337 1539 442 1618 fidei,
473 1540 508 1603 in
536 1557 603 1621 quo
633 1540 789 1622 possitis
820 1540 943 1603 omnia
973 1538 1050 1602 tela
1077 1540 1300 1620 nequissimi
1329 1562 1352 1601 ιο

161 1644 271 1724 ignea
294 1644 530 1726 extinguere,
559 1644 755 1725 apertissime
779 1643 914 1707 ostendit
937 1661 955 1706 a
978 1643 1035 1707 deo
1058 1643 1300 1725 possibilitatem

162 1746 278 1811 arbitrii
301 1748 385 1812 omni
408 1748 527 1811 bomini
549 1748 646 1811 fuisse
662 1766 855 1827 concessam,
879 1766 940 1829 qua
964 1748 991 1811 ei
1013 1752 1192 1829 promptum
1217 1752 1300 1812 esset

162 1868 220 1913 non
245 1851 347 1914 solum
370 1852 456 1914 cami
479 1870 553 1915 suae
575 1851 732 1931 resistere,
763 1852 818 1915 sed
847 1852 941 1915 etiam
969 1850 1092 1915 diabolo
1115 1870 1299 1934 repugnare,

163 1954 198 2017 de
213 1972 275 2035 quo
300 1955 405 2018 etalio
421 1955 487 2019 loco
504 1956 595 2019 dicit:
619 1956 792 2039 uigilata,
817 1956 928 2037 inquit,
953 1955 1039 2035 quia
1061 1955 1298 2018 aduersarius

161 2063 287 2122 uester
310 2059 483 2123 diabolus
499 2065 690 2142 tamquam
713 2062 770 2124 leo
794 2060 947 2141 rugiens
964 2059 1298 2140 circuitquaerens
1327 2082 1351 2121 rs

163 2181 267 2243 quem
289 2164 453 2228 deuoret.
948 2168 950 2175 '

201 2266 232 2332 Si
263 2267 336 2331 hnic
366 2268 543 2349 aduersario
574 2269 636 2331 iam
667 2272 768 2332 certos
799 2286 937 2349 quosque
968 2268 1114 2351 inposita,
1146 2270 1297 2350 quomodo

163 2372 282 2451 asseris,
306 2364 434 2455 originis
457 2371 627 2435 necessitas
651 2372 840 2454 deputasset,
869 2391 931 2435 nou
959 2377 1123 2453 quaereret
1145 2391 1221 2453 quos
1244 2374 1297 2437 de-

162 2476 275 2555 ciperet
297 2494 354 2539 nec
376 2477 532 2558 deputatis
555 2477 685 2559 uigilare
707 2478 879 2558 prodesset.
911 2477 1042 2539 sednon
1065 2478 1110 2541 ita
1133 2482 1190 2539 est.
1222 2496 1296 2541 nam

163 2580 240 2643 sicut
262 2581 360 2643 bostis
383 2580 529 2644 omnibus
553 2580 748 2659 admonetur,
776 2581 820 2644 ita
846 2580 992 2643 omnibus
1020 2581 1165 2663 praesidii
1188 2584 1220 2643 et
1242 2582 1296 2645 ad·
1322 2602 1348 2641 so

162 2683 263 2747 iutorii
285 2685 410 2747 dextera
431 2701 495 2749 non
518 2689 649 2767 negatur
672 2689 704 2748 et
726 2685 886 2749 orantibus
904 2703 940 2747 ac
956 2684 1157 2767 uigilantibus
1174 2686 1296 2749 miseri-

162 2788 278 2852 cordiae
301 2787 496 2871 benignitate
519 2790 718 2868 succurritur,
742 2806 821 2871 quae
843 2789 950 2870 utiquc
973 2788 1170 2872 pulsantibus
1194 2792 1295 2873 magis

161 2909 196 2953 ex
217 2891 379 2955 deuotione
402 2910 497 2973 quam
524 2911 561 2955 ex
586 2892 870 2976 praedestinatione
894 2892 1040 2956 defertur.
1078 2893 1183 2974 itaque
1212 2894 1296 2957 inter

161 2993 229 3073 ista,
255 2995 306 3077 qui
330 2996 404 3059 dicit
426 2996 526 3059 solam
552 2996 689 3079 gratiam
719 2996 786 3060 sinc
817 2996 962 3060 exercitio
989 2997 1090 3078 operis
1121 3000 1152 3059 et
1179 2996 1294 3061 laboris

160 3116 248 3178 posse
271 3098 423 3179 sufficere,
448 3118 551 3163 noune
573 3100 631 3163 tibi
652 3100 776 3163 uidetur
796 3101 828 3163 iu
843 3100 925 3163 hauc
948 3100 1160 3182 blasphemiae
1184 3118 1293 3163 uocem
1321 3121 1346 3159 25

161 3200 291 3266 alienata
305 3209 409 3267 mente
429 3222 646 3286 prorumpere:
677 3222 768 3267 nemo
792 3204 913 3286 uigilet,
936 3222 1029 3267 nemo
1052 3204 1178 3283 ieiunet,
1202 3222 1294 3269 nemo

160 3304 294 3371 luxuriae
316 3308 573 3391 inpugnationem
598 3308 806 3372 abstinentiae
830 3308 1011 3372 contritione
1035 3308 1177 3391 castiget,
1202 3326 1293 3372 nemo

160 3408 274 3473 bellum
302 3412 385 3476 uitiis
409 3412 647 3476 mortificatione
676 3413 833 3476 exterioris
864 3413 989 3491 indicat,
1018 3430 1109 3476 nemo
1139 3413 1293 3477 interioris

159 3532 248 3577 curae
270 3516 377 3599 plagas
401 3517 564 3580 salutifera
586 3516 751 3581 afflictione
775 3517 951 3596 contendat,
976 3534 1067 3579 nemo
1082 3516 1204 3580 libidini
1220 3534 1293 3579 con·

265 3705 305 3773 14]
326 3709 338 3761 1
358 3706 432 3760 Petr.
451 3710 475 3769 5,
488 3710 512 3761 a

199 3878 366 3931 termulum
384 3879 411 3932 P
467 3879 529 3934 lin
547 3879 667 3934 adure
719 3878 867 3934 ueritates
919 3878 1004 3932 lurica
1022 3880 1049 3933 P
1104 3879 1247 3933 bealciate
1267 3881 1294 3934 P

157 3963 347 4031 lnequissime
366 3967 393 4020 P
448 3966 576 4035 8poaitis
596 3968 622 4020 P
681 3966 809 4034 9positis
828 3968 856 4020 P
917 3970 948 4022 10
967 3966 1045 4020 fidaei
1064 3967 1091 4020 P
1153 3970 1184 4023 12
1203 3982 1291 4037 prorn-

157 4084 213 4129 tum
231 4076 260 4129 P
317 4082 350 4135 13
369 4077 476 4131 diabulo
494 4080 522 4133 P
586 4081 618 4135 15
636 4076 760 4132 diabulus
780 4080 807 4133 P
871 4082 902 4135 17
921 4046 1004 4133 cert⁰es
1023 4081 1051 4134 P
1113 4094 1247 4147 quosquos
1266 4082 1293 4134 P

157 4162 323 4232 impositosc
371 4168 404 4221 18
423 4164 559 4234 deceperet
577 4166 605 4219 P
652 4168 683 4219 19
701 4164 823 4233 uigiliare
842 4166 870 4219 P
915 4169 948 4221 22
967 4166 1073 4233 utiquae
1093 4166 1119 4219 P
1164 4168 1197 4220 23
1214 4182 1290 4235 prae-

158 4274 323 4331 distiuatione
341 4279 369 4331 P
411 4277 516 4345 itaquae
535 4278 562 4331 P
607 4280 641 4331 24
659 4244 766 4330 exerciti
784 4279 811 4331 P
856 4280 889 4333 21
907 4278 1023 4332 luxoriae
1037 4280 1064 4332 P
1111 4280 1144 4333 28
1162 4278 1291 4334 exterisv

157 4380 220 4415 uum
238 4361 350 4416 hominia
367 4371 429 4433 post
446 4364 581 4417 exterioris
599 4364 776 4420 adderadam?
839 4365 977 4418 interiores
996 4367 1024 4419 P
1083 4368 1116 4419 29
1135 4363 1246 4417 libidine
1265 4366 1292 4419 P
