3100 4892
275 417 339 485 336
718 417 785 474 1111.
803 417 912 474 Sermo
930 417 972 476 28.

274 598 396 662 terioris
429 596 693 680 pulchritudinem
732 597 846 661 mentis
872 596 1001 662 candor
1034 595 1196 662 effuderat.
1251 594 1307 661 tali
1339 614 1399 660 eum

274 702 365 766 uultu
380 721 421 762 ree
435 701 613 783 praesentia
628 701 743 784 angeli,
759 701 811 783 qui
827 701 948 766 uiderat
962 701 1073 765 faciem
1089 701 1147 766 dei.
1182 701 1327 765 uiderunt
1340 719 1400 784 crgo

273 806 380 870 Iudaei
402 807 516 870 faciem
540 807 606 869 eius
621 809 785 888 tamquam
800 805 912 869 faciem
929 805 1043 890 angeli.
1072 823 1188 889 magna
1202 805 1399 870 damnationis

274 914 323 974 est
344 911 454 993 portio,
478 911 503 974 si
527 911 630 992 impiis
653 911 756 974 scelus
780 929 871 974 suum
889 911 1030 994 ignorare
1054 929 1116 974 non
1131 911 1233 976 liceat.
1269 910 1399 974 uiderunt

234 1044 247 1081 s
273 1015 384 1080 faciem
409 1016 474 1078 eius
497 1020 660 1096 tamquam
684 1016 806 1079 uultum
831 1015 944 1098 angeli,
967 1019 1003 1079 ut
1024 1015 1161 1080 fructum
1185 1015 1246 1079 odii
1271 1015 1328 1094 sui,
1354 1014 1399 1077 sed

273 1120 312 1184 ad
336 1120 527 1183 monendum
550 1137 659 1200 capere
687 1138 748 1184 non
779 1123 917 1201 possent.
964 1099 1038 1183 dum
1067 1120 1162 1184 etiam
1193 1120 1225 1182 in
1256 1119 1398 1202 praesenti

272 1224 405 1307 gloriam
433 1223 508 1303 eius,
539 1241 632 1305 quem
661 1228 905 1305 persequuntur,
940 1223 1121 1305 inspiciunt,
1156 1226 1191 1287 ut
1216 1241 1314 1306 paene
1345 1223 1397 1286 ian

272 1331 394 1409 partem
416 1345 473 1408 per
494 1327 600 1391 oculos
631 1328 819 1410 exciperent,
851 1329 925 1392 dum
957 1346 1038 1408 eum,
1070 1346 1164 1409 quem
1191 1346 1247 1408 per
1274 1327 1398 1392 furorem

273 1450 365 1494 suum
388 1431 587 1514 gratulantur
610 1432 775 1514 exstingui,
799 1451 854 1514 per
879 1432 1082 1496 ministerium
1107 1449 1199 1494 suum
1224 1431 1400 1512 intellegunt

222 1563 247 1602 ro
273 1536 455 1625 consecrari,
479 1535 625 1598 uiderunt
648 1535 759 1598 faciem
784 1537 859 1598 eius.
899 1535 951 1617 qui
974 1536 1046 1599 telis
1070 1535 1212 1618 apparuit
1233 1535 1264 1598 in
1285 1533 1399 1616 proelio,

272 1643 429 1721 putamus,
453 1639 554 1721 qualis
574 1639 737 1721 apparebit
750 1640 783 1703 in
799 1643 916 1722 regno?
941 1643 995 1704 aut
1018 1640 1070 1703 illc
1093 1639 1277 1703 meritorum
1298 1637 1400 1702 arbiter

273 1743 359 1823 deus,
383 1743 435 1825 qui
459 1743 517 1806 tali
539 1743 725 1807 morientem
748 1744 851 1826 specie
875 1744 1042 1822 decorauit,
1067 1744 1161 1825 quali,
1184 1747 1287 1824 putas,
1303 1742 1401 1806 induet

271 1851 510 1930 resurgentem?
553 1848 690 1929 positis
714 1852 836 1912 autem
860 1848 1019 1930 genibus
1042 1849 1165 1911 orauit
1185 1847 1327 1910 dicens:
1350 1845 1401 1910 do-

272 1953 380 2032 mine,
411 1972 455 2016 ne
485 1955 630 2015 statuas
657 1953 737 2015 illis
767 1951 835 2016 hoc
865 1956 1068 2034 peccatum.
1114 1951 1214 2016 libens
1247 1969 1303 2033 pro
1325 1951 1401 2014 necis

220 2085 244 2124 rs
272 2075 347 2120 suae
369 2055 547 2120 auctoribus
574 2056 710 2119 moriens
738 2055 894 2136 exorabat,
922 2057 995 2137 quia
1022 2074 1093 2119 eum
1119 2056 1274 2138 pretiosae
1302 2055 1402 2118 mortis

271 2162 370 2244 gloria
403 2180 465 2225 non
498 2160 627 2224 latebat.
674 2161 808 2242 dominc,
843 2179 881 2223 ne
912 2165 1033 2225 statuas
1068 2161 1129 2224 illis
1153 2159 1211 2223 hoc
1233 2164 1399 2242 peccatum.

270 2270 414 2349 putasne,
449 2267 530 2347 quod
565 2266 624 2328 iste
659 2266 851 2329 intercedere
885 2284 1034 2347 umquam
1069 2283 1125 2347 pro
1159 2263 1400 2348 supplicantibus

271 2370 401 2450 desinet,
434 2370 489 2451 qui
522 2387 577 2451 pro
607 2367 858 2451 persecutoribus
893 2370 1102 2452 supplicarit?
1147 2369 1201 2451 qni
1235 2369 1317 2432 saris
1349 2368 1400 2430 hoc

269 2474 411 2553 reddidit,
439 2473 511 2554 quid
539 2473 692 2538 retribuet
720 2474 823 2538 uotis?
869 2475 922 2555 qui
945 2473 1101 2556 lapidatus
1128 2474 1307 2553 interuenit,
1333 2470 1398 2554 quid

219 2605 244 2644 ro
271 2579 364 2642 faciet
385 2578 569 2641 inuocatus?

262 2743 270 2761 ,
314 2683 407 2745 Hunc
430 2699 503 2764 ergo
526 2700 588 2746 non
612 2683 768 2764 nobilitas,
797 2701 859 2747 non
883 2682 1026 2762 facultas,
1054 2682 1108 2745 sed
1131 2681 1208 2746 fides
1236 2683 1286 2745 dei
1308 2681 1397 2745 filiurn

271 2791 365 2868 atque
388 2786 536 2869 angelum
559 2787 644 2866 fecit,
668 2787 847 2850 credentem
871 2789 977 2868 utique
1001 2787 1033 2850 in
1056 2790 1179 2869 patrem
1202 2789 1233 2850 et
1256 2786 1350 2850 lilium
1372 2788 1399 2847 et

271 2891 415 2972 spiritum
439 2893 593 2954 sanctum.
638 2893 672 2955 in
694 2891 753 2954 hac
768 2893 817 2955 dei
841 2891 1034 2955 confessione
1058 2909 1116 2954 nec
1139 2909 1234 2955 manu
1258 2909 1313 2955 nec
1331 2889 1396 2953 solis

270 2993 361 3059 labiis
385 2995 439 3058 sed
463 2996 614 3078 sanguine
630 2994 821 3078 ,subscripsit
844 2999 875 3060 ot
897 2999 998 3060 morte
1021 2996 1145 3060 iurauit.

218 3126 244 3165 re
314 3097 372 3163 Sed
400 3099 492 3162 dicis:
526 3100 612 3164 nulla
638 3100 864 3182 scripturarum
887 3100 1056 3164 auctoritas
1079 3100 1225 3182 loquitur,
1255 3103 1288 3163 ut
1309 3099 1397 3162 honor

271 3202 461 3286 martyribus
484 3203 650 3267 deferatur.
697 3207 728 3268 et
749 3203 803 3268 ubi
827 3208 884 3283 est,
908 3205 988 3285 quod
1012 3204 1164 3286 propheta
1185 3223 1240 3286 per
1263 3203 1396 3286 spiritum

269 3312 412 3371 sanctum
443 3311 648 3390 protestatur:
679 3308 768 3371 mihi
798 3311 922 3372 antem
951 3307 1061 3372 ualde
1083 3307 1290 3374 honorandi
1319 3307 1397 3370 sunt

269 3412 378 3475 amici
401 3412 464 3492 tui,
489 3411 599 3475 deus?
638 3412 790 3495 maiorem
813 3413 858 3476 eis
881 3412 1031 3476 honorem
1054 3411 1198 3477 exhibere
1218 3430 1279 3476 nou
1295 3409 1396 3496 potuit,

269 3534 364 3598 quam
397 3533 449 3579 eos
484 3516 600 3580 amicos
630 3517 678 3581 dei
714 3518 942 3599 pronuntiaret,
979 3533 1072 3598 quam
1107 3517 1139 3580 in
1176 3535 1284 3582 eorum
1316 3514 1397 3578 uultu

216 3647 243 3685 eo
269 3621 363 3685 deum
379 3639 412 3684 se
435 3621 574 3685 crederet
596 3621 757 3685 honorare.
797 3622 875 3685 milri
898 3629 1003 3685 autem
1027 3621 1117 3684 ualde
1140 3621 1310 3686 honorandi
1331 3618 1397 3682 sunt

269 3725 362 3789 amici
376 3725 432 3805 tui,
455 3725 543 3806 dens,
566 3725 625 3788 hoc
644 3728 702 3805 est,
725 3729 789 3806 tua,
813 3726 947 3806 domine,
970 3725 1123 3790 beneficia
1144 3725 1177 3789 in
1194 3729 1316 3790 tuorum
1337 3740 1396 3786 ure

267 3829 335 3892 ritis
358 3829 539 3912 amplector,
562 3833 617 3893 tua
639 3847 770 3895 munera
793 3831 826 3894 iu
845 3848 953 3894 eorum
969 3829 1139 3894 uirtutibus
1162 3829 1298 3894 admiror
1319 3825 1396 3892 etin

373 4019 418 4088 ra]
436 4019 496 4074 not.
510 4022 534 4084 r,
548 4022 589 4075 se.
642 4019 688 4088 co]
706 4019 806 4074 emm.
822 4021 879 4084 ree
894 4023 934 4076 17.

310 4197 327 4250 2
346 4196 420 4250 boore
437 4200 582 4263 comptos
634 4196 652 4249 3
670 4193 868 4263 dampnationis
886 4195 914 4248 P
965 4195 981 4248 6
999 4197 1108 4262 possent
1124 4195 1232 4263 scripsi,
1255 4193 1352 4262 possint
1372 4189 1398 4242 P

269 4282 392 4366 lgquali
408 4284 515 4351 scripsi,
534 4280 620 4349 qualis
638 4282 666 4336 P
735 4285 767 4338 18
785 4280 1021 4350 persequutoribus
1044 4282 1072 4335 P
1140 4283 1174 4336 30
1197 4280 1276 4334 deum
1296 4277 1396 4348 ccupat,

268 4367 314 4420 dni
333 4369 360 4421 P
410 4369 444 4422 32
462 4367 589 4421 ammiror
607 4369 636 4422 P
