3100 4892
679 441 922 509 Prolegomena.
1305 443 1369 497 XXI

225 619 406 681 moniorum
429 622 561 697 constat,
585 617 623 681 ab
647 617 827 700 Augustino
850 619 1005 699 profectas
1029 638 1097 682 esse
1121 620 1239 698 statuit,
1262 625 1370 684 aucta-

224 723 345 786 riorum
376 725 482 786 autem
513 722 711 804 quaestiones
743 726 775 785 et
802 722 1021 804 responsiones
1044 721 1222 806 Augustino
1249 725 1370 788 abiudi-

225 827 344 890 candas
368 847 436 890 esse
460 827 526 910 ipse
549 828 613 891 iam
635 827 720 890 uidit.
760 828 815 890 sed
838 828 1052 911 fragmentum
1074 828 1162 908 illud,
1184 829 1217 891 iu
1233 847 1292 910 qno
1308 829 1369 894 duo

225 932 288 996 loci
313 950 348 994 ex
364 932 473 995 Fausti
495 932 635 1015 epistulis
659 933 751 995 tertia
774 936 806 995 et
829 933 936 1013 quinta
959 931 1002 1015 (p.
1023 930 1154 1013 11111
1176 937 1207 997 11
1224 930 1296 1012 188,
1312 932 1369 1016 21)

225 1037 403 1119 deprompti
429 1037 636 1118 reperiuntur,
668 1053 730 1100 non
759 1055 777 1099 1
804 1035 921 1100 Fausto
948 1038 1015 1118 ipso
1041 1037 1225 1119 profectum,
1256 1037 1309 1101 sed
1333 1057 1368 1100 er

225 1141 352 1221 scriptis
385 1139 541 1204 Faustinis
576 1159 673 1222 aeque
708 1159 744 1204 ac
774 1140 931 1222 reliquum
961 1141 1213 1216 testimoniorum
1243 1141 1368 1222 librum,

225 1247 317 1308 cuius
347 1263 419 1327 pars
448 1245 661 1328 fragmentum
693 1248 835 1309 nostrum
863 1248 921 1324 est,
953 1245 1156 1326 compilatum
1183 1265 1252 1310 esse
1280 1245 1368 1310 nobis

224 1350 460 1413 demonstrasse
484 1349 626 1412 uidemur
649 1349 680 1412 in
704 1349 939 1430 quaestionibus
962 1350 1075 1412 criticis
1098 1369 1128 1432 p.
1144 1348 1209 1412 295
1225 1368 1270 1432 sq.

273 1453 360 1532 Quae
379 1453 487 1535 quinto
507 1453 575 1517 loco
595 1453 740 1517 laudatur
761 1471 780 1516 a
800 1452 961 1517 Gennadio
982 1454 1145 1536 epistula
1165 1455 1202 1518 iu
1223 1455 1368 1518 modurn

224 1557 354 1622 libelli
378 1557 421 1620 ad
444 1557 640 1622 diaconum
663 1557 845 1639 quendam
868 1557 1050 1622 Graecum
1077 1557 1120 1640 (p.
1143 1555 1255 1638 2005
1275 1559 1368 1641 sqq),

225 1681 265 1726 ea
286 1665 358 1726 ante
379 1662 545 1744 epistulam
566 1662 657 1726 modo
680 1679 698 1724 1
717 1660 808 1725 nobis
824 1665 1001 1741 tractatam,
1025 1663 1085 1725 lroc
1101 1666 1235 1726 estante
1252 1681 1369 1726 anuum

224 1767 293 1830 sere
308 1763 383 1846 468,
404 1766 520 1847 scripta
536 1769 594 1845 est,
615 1785 689 1830 uam
709 1784 789 1847 quae
805 1766 869 1830 illic
884 1767 1033 1849 leguntur
1048 1785 1077 1848 p.
1095 1765 1166 1846 171,
1180 1764 1213 1830 8:
1237 1766 1369 1850 preceris

224 1891 248 1932 a
277 1891 335 1946 me,
360 1868 514 1953 quomodo
542 1869 638 1932 iaxta
665 1868 883 1932 substantiam
910 1869 963 1932 det
991 1870 1023 1932 in
1053 1868 1197 1954 epistula
1227 1869 1370 1954 quodam

222 1973 389 2058 scriptum
411 1973 469 2036 sit:
499 1972 604 2036 nibil
631 1973 754 2036 sensit
776 1974 974 2058 patientis
1001 1996 1129 2050 sensa,
1156 1973 1222 2036 sed
1247 1973 1370 2036 sensit

223 2076 494 2162 conpatientes
509 2077 680 2164 effectu,
696 2079 746 2142 hl'c
762 2082 885 2142 exstant
900 2099 929 2162 p.
944 2077 1018 2158 203,
1031 2078 1061 2142 5.
1097 2078 1207 2141 deinde
1223 2077 1369 2159 Faustus,

224 2183 311 2265 quod
328 2181 480 2246 Graecum
505 2183 624 2264 aliquos
645 2185 790 2264 expertae
812 2183 962 2246 scientiae
981 2184 1063 2246 uiros
1085 2182 1256 2246 eruditione
1277 2186 1369 2263 atque

224 2290 333 2352 aetate
354 2287 491 2350 seniores
510 2287 702 2369 interrogare
723 2286 868 2350 debuisse
889 2287 973 2367 dicit,
998 2291 1066 2350 tum
1086 2291 1188 2350 aetate
1209 2305 1271 2350 non
1292 2286 1369 2356 adeo

223 2395 411 2475 prouectus,
445 2394 529 2455 certe
564 2392 702 2456 nondum
733 2394 895 2474 episcopus
929 2391 1032 2454 factus
1062 2391 1168 2454 Lerini
1203 2391 1370 2472 epistulam

224 2496 390 2579 scripsisse
414 2495 546 2576 uidetur,
570 2513 761 2578 quamquam
785 2514 847 2559 non
870 2496 1100 2578 adstipulamur
1116 2494 1315 2559 Tillemontio
1339 2499 1371 2559 et

223 2601 384 2666 Kluschio
408 2621 443 2665 ex
467 2601 572 2665 uerbis
595 2622 625 2683 p.
643 2597 717 2680 202,
734 2599 768 2664 9:
800 2598 860 2661 ubi
882 2599 978 2662 etiarn
1000 2597 1093 2660 illud
1115 2609 1170 2674 est,
1194 2597 1369 2683 911111111-

223 2715 320 2791 cepta
339 2727 404 2791 per
422 2725 527 2768 omnes
547 2703 677 2768 iasubas
698 2713 727 2767 et
748 2703 898 2767 ecclesias
912 2713 1049 2789 patrant
1064 2703 1173 2789 signat
1189 2703 1369 2765 auctoritas

223 2810 436 2876 efficientibus
461 2811 626 2894 epistulam
650 2811 682 2874 in
705 2810 810 2874 insula
831 2809 995 2873 Lerincnsi
1018 2809 1124 2872 datam
1148 2828 1225 2872 esse.
1256 2808 1368 2890 quibus

223 2917 253 2981 si
286 2917 459 2979 insularum
486 2915 740 2979 commemoratio
769 2913 808 2977 ad
839 2914 1029 2977 sententiam
1056 2930 1147 2976 suam
1174 2912 1368 2994 probandam

223 3019 362 3100 suffecit,
392 3019 501 3083 eadem
531 3019 648 3083 ratione
678 3017 811 3100 probare
842 3021 987 3100 poteraut
1017 3017 1185 3099 epistulam
1216 3016 1249 3079 in
1275 3016 1369 3079 Italia

223 3125 377 3208 scriptam
394 3143 462 3188 esse
479 3143 514 3188 ex
531 3123 635 3187 uerbis
658 3142 687 3205 p.
705 3121 781 3202 203,
799 3121 855 3186 1οε
879 3122 989 3205 accipe
1009 3122 1043 3181 in
1063 3121 1176 3204 byciae
1192 3116 1367 3195 Ambrosii,

223 3249 318 3315 quem
345 3226 504 3290 cctboba'ca
529 3248 594 3312 per
620 3247 724 3290 omaes
751 3225 872 3289 [tabiae
899 3234 928 3287 et
958 3222 1092 3288 Galliae
1123 3223 1266 3309 regiones
1291 3245 1367 3308 per·-

221 3332 332 3397 sultat
358 3331 499 3395 eeclesia.
544 3337 683 3397 ceterum
712 3332 792 3396 alins
820 3334 906 3396 locus
934 3334 1060 3414 praesto
1087 3333 1146 3409 est,
1174 3347 1234 3411 qno
1257 3347 1368 3392 reuera

222 3439 393 3524 epistulam
418 3456 436 3501 a
458 3437 574 3501 Fausto
597 3437 710 3501 abbate
735 3437 883 3519 scriptam
908 3454 976 3498 esse
1000 3437 1150 3517 appareat
1176 3431 1297 3516 pact,
1316 3433 1366 3514 13,

222 3545 281 3609 ubi
304 3541 440 3608 Graccus
470 3543 664 3620 admonetur,
694 3544 729 3604 ut
758 3537 818 3602 sab
849 3537 962 3623 abiqreo
988 3535 1221 3622 probatissimo
1252 3534 1367 3598 abbate

220 3647 334 3710 uitam
348 3667 441 3708 suom
456 3645 584 3708 maniat
600 3654 629 3708 et
644 3643 831 3706 uoluntates
846 3664 924 3704 suas
941 3641 1080 3705 certioris
1102 3639 1225 3726 lapibus
1241 3639 1366 3717 tradat,

219 3753 324 3818 uerba
346 3755 450 3816 autem
470 3749 702 3835 probatissimo
726 3753 758 3813 et
781 3747 919 3810 senioris
943 3767 962 3812 a
983 3747 1109 3827 Fausto,
1133 3765 1194 3828 qua
1218 3747 1366 3810 1111111-

219 3857 359 3923 militate
391 3859 422 3920 et
450 3856 614 3934 modestia,
646 3858 847 3938 usurpantur,
878 3872 917 3916 ne
946 3853 1026 3916 forte
1050 3850 1187 3916 Graecus
1214 3854 1305 3932 putet
1332 3870 1365 3914 se

218 3963 263 4028 ad
290 3961 512 4024 monasterium
529 3959 699 4023 Lerincnse
723 3977 741 4022 a
764 3958 879 4022 Fausto
902 3962 971 4021 tum
994 3955 1204 4040 gubernatum
1226 3955 1364 4018 inuitari.

218 4069 310 4133 recto
334 4064 508 4148 Stiltingins
530 4084 560 4147 p.
579 4062 642 4126 618
666 4062 814 4127 obseruat
837 4063 1022 4146 opusculum
1050 4061 1201 4141 scripturn
1225 4059 1265 4122 sit
1291 4061 1364 4123 ante

216 4169 382 4238 haeresim
404 4168 632 4252 Eutychianam
657 4169 839 4232 damnatam
862 4171 1013 4251 oportere,
1044 4163 1125 4246 qnod
1152 4165 1231 4227 inter
1253 4161 1364 4227 Graeci

217 4292 346 4341 errores
362 4273 503 4356 Eutychii
527 4291 646 4354 quoque
668 4273 810 4336 doctriua
824 4290 920 4335 unam
937 4273 1061 4334 tantum
1077 4271 1223 4332 naturam
1240 4265 1363 4331 Christo

216 4378 425 4446 attribuentis
448 4379 610 4442 refutatur.
651 4379 712 4440 iam
737 4377 763 4440 si
786 4376 943 4458 Eutyches
966 4374 1103 4456 primum
1127 4372 1292 4435 damnatus
1316 4373 1364 4434 est
