3100 4892
230 326 273 388 24
690 325 712 377 Ι.
732 326 776 378 De
793 326 902 391 gratia

229 500 322 564 truut
349 504 502 579 terram,
529 504 577 563 et:
605 500 704 564 oeuli
731 500 870 564 domini
901 520 1011 584 super
1042 502 1162 565 iustos
1193 504 1229 565 et
1260 520 1366 565 aures

229 604 375 667 eiusad
398 623 527 688 preees
551 607 698 668 eorum?
721 604 873 685 numquid
889 605 1012 687 penitus
1036 605 1155 669 interiit
1178 606 1367 685 innocentia,

229 708 303 790 quia
325 708 358 771 in
379 708 480 791 primo
503 708 570 770 eius
592 708 692 791 gradu
713 726 875 791 possessor
905 710 971 771 eius
1000 712 1082 772 stare
1106 709 1267 792 neglexit?
1306 727 1368 773 non

229 813 347 895 opinor,
363 811 436 894 quia
450 812 602 895 seriptum
618 816 683 875 est:
706 813 926 876 innoeentes
950 816 985 876 et
1008 814 1100 877 reati
1116 813 1366 877 adhaeserunt

190 934 203 971 ⁵
230 917 337 996 mihi,
360 917 545 981 etiterum:
569 917 652 997 quis
675 914 794 979 stabit
817 917 853 980 in
875 918 958 981 loeo
981 922 1112 981 saneto
1137 918 1238 981 eius?
1266 920 1368 982 inno-

230 1040 317 1085 eens
341 1020 512 1085 manibus
536 1026 572 1084 et
595 1020 729 1084 mundo
752 1020 874 1099 eorde,
898 1026 928 1084 et
948 1022 1079 1085 iterum:
1103 1021 1273 1086 dominus
1297 1041 1367 1085 non

230 1124 396 1207 priuabit
408 1124 515 1187 bonis
531 1123 768 1188 ambulantes
785 1124 820 1188 in
837 1124 1063 1189 innocentia.
1090 1126 1241 1207 numquid
1254 1126 1369 1190 saneti-

231 1229 333 1292 fieatio
356 1230 491 1311 eorporis
515 1248 550 1292 11
573 1231 637 1291 toto
661 1228 779 1291 amissa
795 1248 861 1291 esse
878 1229 1032 1293 eradenda
1047 1232 1106 1309 est,
1129 1230 1204 1311 quia
1218 1230 1368 1293 membris

231 1333 263 1396 in
286 1350 376 1396 seruo
399 1330 508 1396 rebelli
531 1350 620 1395 suam
644 1350 706 1396 non
730 1331 928 1396 seruantibus
952 1333 1137 1396 seruitutem
1157 1334 1299 1397 discussa
1320 1338 1370 1397 est
1474 1378 1479 1386 ·

181 1454 205 1491 1⁰
230 1437 351 1519 primae
373 1436 507 1519 dignitas
528 1436 699 1519 puritatis?
738 1454 800 1500 non
823 1436 942 1517 utique,
969 1438 1042 1517 quia
1064 1438 1215 1520 legimus:
1247 1440 1287 1501 ut
1314 1456 1370 1500 11-

230 1540 394 1605 hibeatis
417 1558 572 1622 corpora
594 1544 722 1603 uestra
747 1540 912 1603 hostiam
942 1540 1066 1604 uiuam
1094 1545 1266 1604 sanatam
1293 1541 1370 1623 pla-

232 1649 377 1709 oentem
400 1645 479 1724 deo,
503 1648 534 1707 et
556 1645 685 1707 iterum:
710 1644 832 1707 saneti
856 1647 992 1723 estote,
1016 1645 1101 1726 quia
1125 1663 1192 1728 ego
1216 1649 1370 1709 sanetus

232 1769 321 1815 sum.
358 1750 404 1814 ita
432 1750 491 1813 hoo
519 1768 634 1832 genere
665 1748 818 1812 bonorum
848 1749 987 1828 illorum,
1018 1768 1098 1831 quae
1127 1748 1210 1813 male
1241 1768 1369 1812 seourus

232 1854 365 1939 paradisi
387 1854 489 1917 incola
515 1872 534 1917 a
560 1852 694 1936 benigno
717 1856 842 1916 auetore
866 1856 1055 1935 susceperat,
1080 1872 1142 1917 non
1164 1854 1257 1935 periit
1279 1854 1370 1933 aetio,

181 1972 205 2011 ¹⁵
232 1960 291 2023 etsi
313 1963 363 2023 est
384 1959 500 2021 amissa
521 1957 679 2039 perfectio.
711 1975 783 2037 non,
806 1958 945 2037 inquam,
968 1956 1079 2020 harum
1102 1957 1256 2021 uirtutum
1279 1958 1370 2039 periit

232 2064 372 2144 castitas,
395 2063 453 2127 etsi
477 2065 526 2125 est
548 2065 701 2125 temerata
723 2060 884 2145 uirginalis
908 2061 1080 2144 integritas

756 2304 843 2368 VIH.

304 2450 461 2498 QUALITBR
484 2448 664 2489 lNFlRMlTAS
687 2448 791 2487 LIBERI
815 2447 953 2487 naaman
977 2445 1219 2487 lausannensem
1242 2446 1299 2486 SIT.

278 2584 338 2648 Sed
360 2584 532 2665 interrogas
549 2587 577 2644 et
594 2582 658 2644 ais:
682 2582 835 2662 quomodo
851 2580 1096 2663 intellegendum
1113 2584 1161 2643 est
1176 2580 1371 2644 infirmatum

182 2701 208 2739 2⁰
234 2688 388 2751 humanae
412 2687 526 2749 mentis
543 2685 731 2748 arbitrium?
762 2686 932 2748 adtenuata
953 2685 1081 2747 libertas
1105 2685 1171 2748 eius
1192 2685 1236 2748 ita
1251 2685 1371 2767 gratiae

234 2786 423 2856 adminicula
444 2791 515 2871 plus
537 2789 675 2870 requirit,
699 2789 781 2852 siout
796 2789 888 2852 homo
904 2789 998 2871 longa
1014 2788 1196 2851 infirmitate
1212 2788 1371 2851 confectus

234 2896 393 2959 adiutoriis
426 2913 462 2958 ae
492 2894 614 2957 solaciis
644 2913 754 2977 gressu
788 2893 942 2957 titubante
974 2893 1075 2975 magis
1107 2892 1233 2975 indiget.
1276 2892 1372 2975 igitur

235 3001 315 3063 sieut
337 3001 408 3080 post
428 2999 636 3061 inueteratam
658 2997 796 3060 luxuriae
820 2997 1078 3060 consuetudinem
1101 2996 1256 3078 reparatio
1272 2995 1373 3059 eonti-

235 3104 358 3168 nentiae
381 3103 481 3167 multo
504 3102 610 3166 labore
633 3100 787 3165 oonstabit
810 3104 841 3163 et
868 3102 948 3164 siout
970 3101 1062 3183 longo
1087 3100 1289 3163 temulentiae
1312 3118 1373 3163 usu

183 3221 209 3259 2⁵
236 3208 394 3289 captiuata
415 3206 568 3270 sobrietas
591 3225 662 3270 oum
686 3205 836 3269 uiolentia
863 3205 980 3287 rigidae
1010 3204 1110 3268 erneis
1138 3205 1188 3267 uir
1215 3204 1373 3286 reeipitur,

235 3330 314 3393 quae
336 3312 433 3395 pride,
461 3330 533 3374 eum
556 3311 674 3373 inlaesa
696 3313 863 3388 teneretur,
894 3327 990 3391 paruo
1022 3308 1145 3391 negotio
1178 3308 1373 3387 seruabatur,

237 3417 389 3497 siquidem
418 3434 490 3479 oum
520 3415 680 3496 uoluptate
711 3414 847 3495 quadam
876 3413 1026 3476 inuiolata
1054 3412 1244 3477 conscientia
1274 3414 1374 3496 possi·

343 3613 368 3682 l]
395 3614 494 3667 Psalm.
521 3616 563 3676 33,
587 3616 625 3668 lo.
696 3611 724 3679 4]
752 3610 850 3663 Psalm.
878 3613 919 3673 24,
941 3612 982 3665 21.
1054 3611 1082 3679 5]
1110 3610 1209 3665 Psalm.
1237 3613 1283 3673 23,
1305 3612 1373 3679 3sq.

237 3702 264 3771 6]
284 3700 382 3754 Psalm.
402 3704 443 3765 83,
459 3704 498 3756 13.
555 3700 598 3767 11)]
617 3700 692 3752 Rom.
715 3700 790 3762 12,1.
847 3697 889 3766 12]
909 3696 971 3751 Leu.
993 3700 1031 3761 19,
1046 3700 1069 3752 2.

283 3866 416 3922 ldomiui
430 3885 479 3922 erre.
493 3868 521 3920 P
565 3864 727 3932 2ad]i11v
770 3864 916 3933 praeoesP
957 3863 1120 3932 poenitusP
1166 3829 1334 3931 apossessir
1350 3864 1377 3915 P

237 3954 479 4009 ‹tadheseruutP
540 3956 572 4007 lo
592 3952 698 4018 utiquae
717 3952 745 4005 P
807 3952 836 4005 11
856 3968 886 4003 ae
905 3950 932 4003 P
991 3952 1021 4003 21
1044 3946 1216 4017 admiuijtcula
1234 3950 1375 4017 P(faits

239 4069 269 4121 in
286 4068 352 4133 rae.)
422 4068 455 4120 23
479 4065 626 4118 inueteram
645 4065 672 4117 P
739 4063 855 4116 luxoriae
875 4064 901 4117 P
969 4062 1116 4130 raeparatio
1135 4063 1163 4116 P
1229 4063 1262 4115 24
1285 4028 1374 4115 labriie

238 4171 368 4223 euperem:
382 4154 410 4207 P
416 4155 431 4219 ¹,
450 4154 522 4206 ande
540 4151 656 4204 multum
675 4150 794 4205 laborare
813 4150 982 4207 scribendum
1003 4166 1055 4204 esse
1073 4149 1183 4203 uidetur
1239 4150 1273 4203 25
1292 4149 1374 4219 eapti·

239 4234 295 4332 uita
312 4267 340 4325 P
406 4268 439 4325 27
457 4224 586 4334 possedit
604 4265 631 4319 P
