3100 4892
270 409 335 474 304
712 413 778 467 IIII.
798 413 907 468 Sermo
925 416 967 470 20.

270 586 367 650 libus:
398 591 486 651 tnnc
515 589 607 654 iusti
636 588 840 674 fulgebunt
869 591 969 655 sicut
999 592 1054 656 sol
1085 592 1121 655 in
1149 609 1264 676 regno
1292 593 1402 676 patris
1506 688 1507 691 1

270 709 404 756 eorum.

311 795 425 880 Ioseph
448 798 671 882 interpretatur
694 800 909 883 augmentatio
933 800 1000 864 siue
1022 801 1192 884 ampliatio.
1230 802 1287 866 sed
1306 802 1339 865 in
1357 800 1403 864 illo

267 899 381 984 Ioseph
405 903 637 986 ampliationem
661 923 722 968 non
746 904 858 969 habuit
880 905 941 968 nisi
963 905 1031 969 sola
1050 903 1224 990 Aegyptus,
1248 905 1281 969 in
1304 907 1403 969 nostm
1506 882 1507 963 1

228 1029 242 1070 e
268 1023 342 1070 nero
362 1007 475 1089 Ioseph
497 1012 703 1090 augmentum
723 1007 840 1073 habere
860 1009 975 1074 meruit
993 1010 1159 1074 uniuersus
1179 1010 1328 1074 mundus.
1357 1008 1403 1072 ille
1506 1070 1507 1073 ,

266 1109 381 1193 Ioseph
404 1112 546 1195 erogauit
568 1113 719 1193 triticum,
743 1118 849 1177 noster
872 1131 1000 1196 erogare
1024 1114 1169 1198 dignatus
1197 1117 1246 1178 est
1268 1115 1319 1178 dei
1341 1131 1403 1176 ner·

267 1214 353 1278 burn.
392 1216 428 1279 in
451 1234 595 1280 omnem
619 1217 717 1280 enim
740 1221 878 1282 terram
902 1218 1019 1282 eriuit
1038 1237 1151 1283 sonus
1172 1237 1297 1284 eorum
1319 1221 1353 1282 et
1371 1217 1403 1279 in

266 1317 363 1384 fines
391 1317 490 1384 orbis
518 1325 641 1385 terrae
669 1321 785 1385 uerba
812 1339 946 1387 eorum.
986 1340 1043 1386 nos
1068 1341 1151 1406 ergo,
1179 1324 1292 1387 fratros
1316 1321 1403 1386 caris-

267 1425 347 1504 simi,
372 1425 423 1506 qni
447 1425 541 1488 nullis
563 1425 823 1508 praecedentibus
846 1427 966 1491 meritis
989 1429 1079 1490 tanta
1101 1426 1184 1491 bona
1209 1447 1264 1510 per
1288 1425 1403 1491 miseri·

215 1551 240 1592 1o
267 1528 404 1592 cordiam
424 1529 491 1592 neri
506 1529 619 1612 loseph
640 1529 756 1594 domini
772 1532 871 1595 nostri
887 1531 958 1594 Iesu
975 1530 1092 1596 Christi
1107 1531 1267 1596 consecuti
1288 1548 1403 1608 sumus,

254 1632 306 1714 ,ad
330 1650 406 1714 qnos
431 1651 492 1697 non
516 1632 629 1697 umbra
651 1634 767 1699 ueteris
790 1635 983 1715 testamenti,
1007 1636 1062 1699 sed
1084 1636 1155 1718 ipsa
1176 1636 1292 1700 ueritas
1314 1635 1402 1711 uenit,

266 1741 421 1817 quantum
444 1738 612 1820 possimne,
636 1756 708 1802 oum
732 1739 782 1802 dei
804 1740 907 1822 gratia
930 1738 1120 1820 laboremus,
1143 1743 1188 1819 ut,
1212 1740 1294 1822 qnod
1318 1739 1400 1802 nobis

266 1840 400 1904 contulit
415 1841 580 1921 iudicatus,
604 1842 763 1926 integrum
787 1843 819 1907 in
843 1842 933 1907 nobis
956 1845 1096 1908 inueniat
1117 1845 1322 1923 iudicaturus,
1343 1841 1402 1924 qni,
1506 1832 1507 1913 1

265 1947 415 2026 qnantum
440 1946 571 2010 eontulit
593 1946 660 2026 tibi,
689 1950 814 2010 tantum
841 1953 993 2030 reposcet.
1032 1951 1065 2012 et
1087 1947 1214 2030 quidem
1241 1947 1306 2027 ille,
1335 1963 1402 2010 oum

214 2074 239 2113 15
266 2049 398 2130 uenerit,
429 2049 607 2114 redditurus
631 2054 689 2132 est,
721 2051 802 2132 quod
824 2052 1013 2133 repromisit,
1044 2053 1099 2116 sed
1126 2052 1326 2136 quaesiturus
1348 2054 1400 2127 est,

265 2172 341 2235 quos
371 2154 515 2234 redemit,
546 2157 577 2218 ot
600 2155 680 2236 qnod
704 2155 790 2219 dedit
812 2157 845 2220 in
868 2156 1006 2220 aduentu
1028 2157 1139 2238 primo,
1170 2159 1335 2220 exacturus
1356 2156 1401 2217 est

264 2259 297 2321 in
328 2259 472 2324 secundo.
512 2277 604 2323 nemo
636 2259 719 2322 enirn
744 2259 867 2324 Christo
898 2260 1023 2324 domino
1054 2263 1161 2325 nostro
1191 2261 1276 2325 mala
1298 2258 1400 2324 reddat
1506 2250 1507 2303 1

264 2379 319 2445 pro
349 2363 449 2427 bonis.
489 2365 557 2445 quis
581 2368 630 2428 est
652 2365 745 2444 enirn,
776 2364 829 2446 qui
851 2369 917 2428 tam
940 2365 1035 2448 impie
1062 2366 1138 2448 agit,
1169 2364 1230 2428 nisi
1260 2364 1323 2443 ille,
1351 2361 1399 2444 qui
1506 2410 1507 2417 1

266 2468 379 2550 accipit
409 2468 604 2532 dulcedinem
629 2473 661 2532 et
683 2469 785 2532 reddit
807 2469 1058 2549 amaritudinem,
1089 2469 1142 2551 qni
1172 2469 1287 2552 accipit
1308 2467 1397 2531 uitam
1506 2514 1507 2519 1

213 2599 239 2638 ro
267 2575 299 2636 et
327 2573 465 2636 restituit
495 2575 651 2637 mortem?
691 2575 824 2637 mortem
855 2574 939 2637 enim
969 2573 1126 2653 retribuit,
1157 2572 1211 2655 qui
1241 2591 1275 2636 se
1302 2572 1397 2654 ipsum
1506 2612 1507 2635 1

265 2676 398 2740 uiuendo
422 2677 505 2740 male
527 2675 681 2741 interficit.
720 2677 791 2758 quis
815 2678 899 2741 enim
921 2677 1024 2741 reddit
1044 2678 1127 2742 mala
1146 2695 1202 2760 pro
1222 2657 1322 2756 bonis,
1344 2673 1398 2738 nisi
1506 2686 1507 2759 1

264 2780 327 2860 ille,
352 2781 415 2862 qui,
439 2800 509 2845 cnm
534 2781 661 2846 deberet
682 2781 809 2845 lectioni
824 2781 970 2846 insistere
986 2785 1018 2845 et
1033 2783 1072 2846 ad
1088 2782 1252 2846 eeclesiam
1272 2798 1396 2855 currere,
1506 2770 1507 2789 ¹

265 2885 360 2968 elegit
382 2886 485 2966 potius
509 2885 548 2950 ad
570 2885 696 2950 tabulae
718 2886 836 2965 ludere,
860 2886 1040 2969 spectacula
1063 2887 1114 2950 uel
1137 2886 1256 2950 furiosa
1270 2885 1321 2949 nel
1334 2901 1396 2946 crn-
1506 2900 1507 2973 1

265 2994 339 3054 enta
359 2991 409 3054 uel
425 2991 527 3074 turpia
542 2991 740 3073 frequentare
756 2994 797 3071 et,
821 2991 870 3055 cui
886 2991 1050 3072 oportebat
1064 2994 1192 3075 peccata
1207 3009 1265 3055 sua
1280 2988 1394 3065 orando,

212 3118 238 3159 re
264 3094 406 3178 legendo,
438 3095 626 3178 elimosynas
649 3096 792 3160 faciendo
815 3113 1009 3176 consumere,
1037 3095 1144 3160 studet
1165 3096 1269 3178 potins
1292 3110 1394 3178 augere
1506 3106 1507 3115 ³

265 3201 296 3262 et
319 3199 452 3283 amplius
480 3201 662 3264 cumulare?
700 3201 770 3282 quis
801 3204 859 3281 est,
891 3200 944 3282 qui
969 3199 1071 3264 reddit
1098 3200 1184 3264 mala
1209 3217 1266 3284 pro
1292 3197 1393 3264 bonis?

368 3345 395 3416 1]
414 3345 509 3400 Matth.
525 3348 565 3412 13,
578 3349 620 3402 43.
675 3347 702 3416 7]
721 3346 821 3400 Psalm.
839 3348 878 3410 18,
891 3349 915 3402 5.

307 3469 462 3539 3amplitio
481 3470 510 3524 D
561 3469 781 3539 lanrplitionem
800 3470 830 3524 D
883 3467 959 3523 abuit
977 3470 1006 3524 D
1058 3469 1180 3539 egyptllns
1198 3470 1228 3525 D
1289 3469 1393 3523 amun
1506 3486 1507 3519 ;

263 3557 367 3625 eorum]
387 3573 406 3610 s.
420 3556 599 3625 apostolorum
618 3558 689 3627 Anp.
763 3557 950 3625 nepessinus
973 3571 1167 3624 capossumns
1191 3556 1220 3610 D
1292 3556 1322 3611 ll
1339 3567 1392 3606 oon

263 3642 336 3712 tullit
354 3644 383 3699 D
445 3645 521 3698 unta
538 3646 568 3698 D
630 3646 750 3712 reposcet
767 3645 875 3712 scripsi,
894 3643 1009 3745 reposcit
1027 3644 1057 3697 D
1116 3643 1160 3710 qni
1178 3642 1230 3696 tibi
1247 3645 1322 3696 tenu
1338 3655 1392 3692 eou-
1506 3688 1507 3735 ,

263 3755 334 3820 tulit,
353 3757 405 3809 soit
422 3761 551 3825 qnantum
570 3759 691 3826 reposcat
708 3758 780 3826 Aac.
844 3758 876 3811 15
895 3755 1032 3810 rediturus
1047 3757 1076 3810 D
1137 3755 1288 3823 quesituros
1306 3755 1392 3821 1111ὴ

263 3843 410 3911 quisiturus
428 3844 500 3913 Aup.
573 3846 605 3899 16
624 3842 695 3911 quod
713 3845 784 3911 Anu.
858 3846 889 3897 17
909 3841 991 3912 enim]
1014 3858 1076 3910 ergo
1095 3844 1167 3911 Any.
1240 3845 1305 3912 18ae
1323 3837 1391 3904 1191111
1506 3884 1507 3911 1

262 3929 339 3984 bouis
363 3932 392 3984 D
462 3931 512 3983 nisi
536 3931 580 3983 ille
603 3949 653 3986 orn.
673 3931 742 3999 Aup.
818 3932 850 3985 19
873 3929 1036 3983 dulcidinem
1060 3930 1090 3983 D
1159 3931 1194 3984 20
1221 3927 1343 3998 restilltuit
1365 3924 1391 3978 D
1506 3914 1507 4009 1

262 4019 294 4073 21
318 4017 457 4085 interficit]
480 4017 540 4084 quis
562 4020 603 4070 est
625 4017 670 4085 qui
693 4016 783 4070 reddit
801 4017 874 4069 mela
890 4032 938 4085 pro
957 4015 1052 4069 bonis?
1082 4015 1128 4069 illa
1150 4016 1196 4084 qni
1214 4032 1276 4069 enm
1294 4013 1391 4067 deberet
1506 4018 1507 4047 1

262 4102 325 4157 dare
347 4105 462 4173 propria,
485 4104 556 4172 rapit
579 4103 672 4167 aliena,
696 4104 741 4171 qui
763 4120 812 4172 pro
834 4104 946 4157 caritate
968 4102 1057 4156 reddit
1078 4102 1179 4167 odium,
1202 4101 1327 4156 inuidiam
1347 4109 1390 4166 pro
1506 4090 1507 4181 1

262 4190 435 4258 benignitate,
459 4207 506 4260 pro
529 4190 683 4245 bumilitate
706 4191 866 4260 superbiam,
889 4207 937 4259 pro
956 4191 1077 4244 castitate
1095 4189 1229 4243 luxuriam
1246 4189 1308 4244 odd.
1325 4188 1388 4253 Aac·
1506 4192 1507 4209 ¹

261 4278 405 4346 caputius
424 4279 453 4332 D
514 4281 548 4334 24
566 4294 642 4347 quern
661 4279 733 4348 Aup.
788 4277 930 4347 oportebat
947 4278 976 4331 D
1037 4279 1071 4333 25
1090 4277 1249 4345 elymosinas
1266 4277 1295 4331 D
1345 4287 1388 4342 pn·
1506 4294 1507 4313 ¹

263 4363 317 4418 tius
336 4366 364 4418 D
416 4367 450 4420 26
468 4365 630 4419 commulare
649 4367 679 4420 D
