3100 4892
638 438 704 493 IIII.
723 439 832 493 Sermo
851 443 892 496 25.
1273 439 1335 504 325

194 619 265 679 stus
289 617 449 700 excipitur,
479 617 560 680 sicut
589 616 656 699 ipse
682 614 771 679 dina:
802 614 937 698 hospes
961 615 1016 678 fui
1046 617 1081 678 et
1111 615 1334 699 suscepistis

193 738 261 800 me,
294 723 339 783 et:
369 720 544 802 quamdiu
573 719 723 784 fecistis
754 719 817 783 uui
847 738 887 783 er
918 717 1080 783 minimis
1110 718 1212 800 istis,
1243 719 1334 783 mihi

192 824 369 888 fecistis?
413 824 603 890 laboriosum
627 827 658 889 et
679 823 875 888 fastidiosum
904 823 992 889 uobis
1016 826 1065 888 est
1090 823 1123 887 in
1145 823 1334 908 pauperibus

192 928 335 1010 recipere
351 927 511 994 Christum
534 929 566 993 in
589 929 691 1011 patria
713 930 830 1009 nostra,
853 928 959 1010 timeo,
983 947 1022 992 ne
1044 927 1096 992 ille
1120 927 1209 992 nobie
1232 928 1334 992 uicem

191 1032 316 1113 reddet,
344 1051 383 1097 ne
406 1051 469 1097 nou
490 1033 621 1116 resipiat
643 1050 699 1096 nos
722 1033 755 1097 in
776 1031 970 1098 beatitudine
994 1049 1059 1097 sua.
1105 1033 1333 1097 contemnimus
1359 1059 1373 1099 s

189 1137 286 1201 illum
305 1137 337 1200 in
358 1137 485 1218 mundo,
507 1137 613 1219 timeo,
637 1156 677 1202 ne
700 1154 756 1202 uos
779 1137 832 1202 ille
854 1137 968 1201 iterum
991 1140 1171 1202 mntemnat
1192 1137 1224 1200 in
1247 1137 1333 1201 caelo

189 1241 369 1306 seeundum
391 1241 479 1322 illud,
507 1241 588 1324 quod
614 1241 681 1324 ipse
704 1241 792 1306 dixit:
821 1241 962 1307 esuriui
989 1241 1091 1306 enim
1119 1243 1155 1306 et
1182 1257 1251 1304 non
1275 1241 1333 1305 de·

189 1331 306 1410 distis
337 1345 427 1410 milri
457 1346 680 1411 manducare
710 1349 745 1410 et
774 1344 910 1430 hospes
937 1345 990 1410 fui
1018 1348 1053 1409 et
1075 1362 1147 1409 non
1170 1345 1332 1428 suscepi-

188 1450 262 1514 stis
287 1469 352 1532 me,
376 1454 420 1515 et:
444 1449 622 1533 quamdiu
645 1449 882 1514 nonfacistis
906 1450 969 1513 uni
992 1468 1032 1514 ex
1049 1448 1213 1514 minimis
1236 1449 1331 1531 istis,

187 1572 261 1619 nec
283 1554 376 1618 mihi
399 1554 556 1619 lecistis.
601 1558 632 1619 et
654 1554 736 1636 quod
759 1557 868 1637 postea
892 1555 1041 1635 sequitur,
1065 1554 1186 1634 frames,
1210 1556 1333 1618 auertat
1359 1582 1385 1622 ro

187 1659 252 1724 hoe
275 1659 351 1724 deus
374 1677 393 1724 a
415 1659 515 1741 nobis,
538 1660 597 1724 hoc
619 1660 702 1723 enim
724 1663 835 1744 postea
856 1659 974 1724 addidit
993 1659 1112 1723 dicens:
1137 1658 1331 1740 discedite,

185 1763 304 1845 iuquit,
328 1781 347 1828 a
368 1781 424 1826 me
446 1763 639 1828 maledicti
660 1764 697 1827 in
719 1763 842 1847 ignem
866 1767 1072 1845 aeternum,
1096 1763 1157 1846 qui
1176 1767 1331 1845 paratus

186 1870 249 1931 est
271 1865 420 1931 diabolo
443 1871 479 1931 et
501 1867 648 1951 angelis
672 1867 761 1932 eius.

232 1969 324 2034 Haec
347 1989 430 2055 ergo,
460 1971 573 2036 frames
597 1972 757 2053 carissimi,
789 1988 850 2036 non
874 1972 1050 2036 transitorie
1078 1990 1136 2036 nec
1164 1971 1237 2037 solis
1264 1988 1331 2036 cor·
1421 1979 1428 1987 '

183 2074 296 2160 porcis
320 2074 447 2139 auribus
470 2075 644 2156 audiamus,
668 2076 721 2140 sed
746 2075 877 2140 fideliter
900 2075 1060 2140 audientes
1085 2075 1190 2157 etiam,
1220 2078 1256 2140 ut
1279 2075 1331 2140 alii
1358 2103 1383 2143 rs

184 2182 322 2245 teneant
345 2183 377 2243 et
398 2180 559 2264 impleant,
583 2179 678 2244 uerbo
701 2181 818 2264 pariter
841 2182 872 2244 et
893 2181 1034 2263 exemplo
1057 2181 1233 2244 doceamus.
1258 2180 1330 2262 quid

184 2303 263 2368 ergo
295 2288 367 2367 post
398 2284 475 2348 haee
506 2285 583 2348 dixit
609 2285 753 2349 dominus
783 2303 838 2368 per
865 2285 1073 2368 prophetam?
1118 2285 1149 2348 si
1179 2284 1328 2366 uideris,

99 2381 105 2389 ’
182 2389 300 2471 inquit,
324 2388 471 2470 nudum,
500 2389 602 2473 operi
626 2408 717 2453 eum.
763 2407 820 2474 ego
847 2390 880 2452 in
903 2389 961 2453 heo
984 2389 1142 2453 sententie
1169 2389 1328 2453 neminem

181 2493 301 2574 iudico,
332 2494 546 2575 unusquisque
577 2493 718 2558 attendat
745 2493 967 2558 conscientiam
996 2511 1095 2558 suam.
1142 2511 1193 2558 me
1221 2496 1328 2557 temen

182 2615 286 2681 arguo
310 2601 341 2662 et
363 2598 565 2680 reprehendo,
596 2598 670 2680 quia
691 2598 771 2663 forte
799 2598 963 2681 aliquoties
991 2599 1105 2679 euenit,
1135 2602 1171 2662 ut
1192 2616 1247 2680 per
1274 2615 1329 2662 ne·
1355 2625 1381 2666 ro

181 2701 382 2787 glegentiam
405 2702 659 2767 uestimenticula
681 2721 761 2784 mea,
790 2720 869 2786 quae
892 2701 1057 2766 debuerint
1084 2703 1224 2785 accipere
1250 2720 1328 2786 peu·

180 2825 290 2891 peres,
314 2806 537 2871 deuorarentur
559 2825 579 2871 a
601 2806 705 2871 tineis.
741 2810 774 2870 et
796 2807 901 2888 timeo,
925 2826 963 2870 ne
988 2806 1064 2870 mihi
1086 2807 1147 2890 ipsi
1169 2807 1267 2890 panni
1289 2807 1327 2870 ed

181 2911 404 2976 testimonium
427 2911 624 2993 proferantur
654 2911 686 2974 iu
716 2911 766 2974 die
797 2911 901 2975 iudicii
931 2911 1103 2976 secundum
1129 2911 1216 2992 illud,
1247 2910 1327 2994 quod

180 3014 322 3079 Iacobus
356 3016 515 3098 apostolus
546 3015 726 3080 terribiliter
756 3016 897 3098 increpat
927 3015 1050 3079 dicens:
1086 3016 1184 3100 agite
1215 3034 1326 3097 nuuc,

181 3119 299 3201 inquit,
330 3119 479 3200 diuites,
509 3120 653 3204 plorate
675 3119 866 3183 ululantes
890 3119 926 3184 in
949 3120 1122 3201 miseriis,
1152 3137 1245 3202 quae
1268 3120 1326 3183 ed·
1353 3146 1379 3188 aa

180 3223 343 3288 uenient
372 3223 488 3288 uobis.
535 3223 689 3288 diuitiae
720 3227 868 3289 uestrae
899 3225 1136 3306 putrefactae
1171 3227 1258 3289 sunt
1291 3228 1327 3289 et

180 3329 420 3394 uestimenta
449 3332 578 3393 uestra
608 3348 626 3393 a
652 3328 768 3392 tineis
800 3332 964 3394 comesta
994 3333 1086 3394 suut.
1132 3346 1260 3393 aurum
1290 3332 1326 3392 et

180 3436 386 3516 argentum
407 3436 577 3498 uestrum
600 3434 843 3519 aerugineuit
866 3437 901 3498 et
916 3451 1052 3518 aerugo
1075 3451 1200 3499 eorum
1222 3434 1259 3498 in
1274 3436 1324 3498 te·

292 3641 319 3710 1]
331 3641 428 3696 nacon.
441 3644 483 3707 25,
496 3643 537 3698 es.
590 3641 727 3711 mnata.
740 3643 782 3706 25,
795 3644 836 3697 uo.
889 3641 917 3710 r]
931 3640 1027 3696 nasu.
1041 3642 1137 3706 aare.
1185 3639 1213 3709 e]
1227 3639 1322 3694 netu.

177 3730 283 3795 usas.
338 3729 383 3799 11]
400 3728 607 3794 moeream.
663 3728 706 3797 ιτ]
725 3727 887 3792 musar.
941 3727 1185 3798 2411ao.5‚1-5.

224 3926 346 3983 2miehi
365 3929 392 3982 Ρ
442 3928 521 3998 5ne]
544 3931 572 3982 et
590 3931 660 3999 Aug.
717 3926 913 3982 beatitudinem
936 3943 1011 3980 suam
1034 3928 1105 3998 Aug.
1160 3928 1323 3996 contempni-

176 4031 245 4070 mus
263 4015 293 4070 P
342 4015 477 4071 dmundo
495 4033 528 4072 aa
545 4015 677 4069 mnndum
695 4015 724 4070 P
779 4016 951 4083 contempnat
968 4015 996 4069 P
1056 4013 1161 4069 renim
1180 4032 1231 4070 eor.
1250 4015 1322 4084 Aug.

176 4103 251 4162 8et
272 4108 335 4157 ante
356 4101 451 4171 hospes
474 4120 580 4158 erasm
602 4105 634 4157 in
657 4103 684 4156 P
755 4104 787 4158 10
810 4100 891 4155 michi
916 4101 943 4156 P
1013 4103 1042 4157 11
1071 4099 1223 4170 posthaec
1250 4102 1321 4171 Aug.

177 4219 213 4273 12
238 4213 334 4282 inquid
358 4214 391 4284 P,
413 4233 464 4271 om.
487 4216 558 4286 Aug.
632 4217 664 4271 14
687 4180 803 4283 οοιροπῖε
827 4215 855 4269 Ρ
875 4215 900 4282 (e
923 4232 994 4268 noua.
1015 4215 1083 4282 alt),
1111 4213 1227 4282 corporis
1250 4215 1321 4283 Aug.

178 4305 213 4360 18
234 4299 330 4370 inquid
347 4301 376 4356 P
425 4304 460 4358 22
473 4301 518 4372 ud]
536 4302 648 4375 indeq.
703 4300 885 4372 25inquidP
935 4303 968 4360 27
981 4300 1166 4358 commestoP
1216 4301 1322 4360 asere-

175 4386 289 4461 ginuuit
305 4393 331 4445 at
348 4403 429 4461 erugo
447 4389 476 4446 P
