3100 4892
632 403 886 462 mmmmm.
1267 410 1328 474 ml

189 601 253 646 me.
295 582 428 646 intendit
450 583 534 646 enim
557 601 590 646 se
614 581 742 662 nudum,
767 581 849 664 quod
872 585 1093 646 ornamentum
1115 583 1240 648 diuinae
1259 604 1329 668 pro·

187 686 331 750 tertianis
358 686 515 768 amiserat,
548 691 579 750 et
601 688 669 752 ideo
693 686 822 767 latebat,
852 687 964 767 idest,
995 686 1077 769 quod
1107 691 1229 753 uestem
1257 689 1330 754 fidei

186 788 280 876 (non)
299 790 446 872 habebat,
470 808 566 873 quem
591 792 697 875 utique
722 790 963 873 praeuarieando
988 792 1141 876 deposuit.
1180 811 1330 878 magnam

188 915 257 960 rem
281 895 380 960 uides.
404 896 456 960 ille
480 897 540 960 luit
562 896 675 976 nudus,
698 896 751 979 qui
774 897 914 960 tunicam
934 913 997 962 non
1013 898 1128 978 amisit,
1152 897 1212 962 iste
1227 899 1329 964 nudus

187 1018 252 1064 non
276 1003 353 1080 erat,
385 1001 438 1082 qui
460 999 656 1064 uestimentis
681 1001 765 1064 exuit
788 1019 833 1081 se,
864 1000 1001 1083 quaein
1028 1019 1141 1065 manus
1168 1002 1328 1068 adulterae
1367 1032 1381 1072 r

186 1104 362 1187 dereliquit.
400 1103 503 1169 Adam
528 1105 682 1188 scriptura
703 1105 793 1170 illum
816 1104 935 1170 nudum
956 1105 1083 1187 adserit,
1106 1107 1190 1171 hune
1209 1107 1329 1172 nudum

187 1227 258 1274 esse
282 1227 344 1273 non
368 1208 453 1274 dixit.
493 1213 525 1274 et
547 1209 616 1276 ideo
640 1227 677 1274 ea
699 1210 867 1293 expoliauit
889 1229 923 1274 se
945 1209 1005 1274 iste
1026 1211 1129 1293 potius
1152 1227 1248 1292 quam
1271 1231 1329 1275 nn·

185 1313 284 1394 dauit,
318 1313 370 1396 qui
399 1313 579 1396 incorrupta
608 1314 761 1378 uirtutum
792 1314 981 1377 uestimenta
1008 1315 1147 1379 seruauit
1169 1315 1328 1397 expolians

184 1437 221 1484 se
251 1421 391 1484 ueterem
422 1419 581 1483 hominem
611 1435 683 1482 eum
714 1417 835 1482 actibus
866 1419 942 1499 suis,
972 1421 1009 1482 ut
1037 1419 1181 1484 indueret
1209 1437 1328 1485 nouum

183 1524 356 1604 hominem,
372 1523 425 1606 qui
437 1524 609 1588 secundum
621 1524 792 1608 imaginem
804 1524 952 1588 creatoris
964 1525 996 1588 in
1013 1524 1207 1609 agnitionem
1222 1543 1327 1590 rerum
1356 1553 1381 1592 ro

183 1631 340 1692 seruatur.
379 1629 431 1693 ille
461 1632 566 1693 autem
598 1629 700 1693 nudus
733 1629 895 1708 remansit,
926 1629 979 1712 qui
1006 1649 1040 1693 se
1067 1629 1183 1694 iterum
1211 1631 1328 1694 uestire

182 1750 249 1796 non
272 1733 382 1815 potuit.
422 1733 589 1817 singularis
612 1733 768 1816 priuilegii
791 1733 909 1796 uirtute
933 1737 1044 1797 erutus
1071 1734 1143 1799 inde
1169 1734 1327 1817 pelliciam

181 1837 306 1920 aceepit
329 1837 488 1928 tunicam,
510 1837 582 1919 quia
603 1840 747 1919 peccator
770 1855 833 1901 non
856 1840 980 1920 poterat
1001 1838 1116 1902 habere
1143 1838 1327 1922 spiritalem.

228 1939 404 2004 Accusatus
435 1944 542 2005 eutem
565 1941 677 2024 Ioseph
708 1942 746 2005 ad
774 1941 880 2006 omnia
907 1959 965 2005 sua
992 1942 1092 2006 noluit
1112 1943 1200 2007 illam
1223 1943 1326 2006 dicere

181 2044 377 2128 culpabilem
393 2063 472 2126 esse,
496 2045 570 2128 quia
584 2046 685 2110 iustus
709 2063 856 2110 accusare
879 2063 941 2109 non
962 2046 1059 2127 nouit,
1081 2051 1113 2110 et
1127 2047 1196 2111 ideo
1211 2047 1328 2129 inpune
1356 2075 1381 2114 rs

180 2149 244 2213 hoe
265 2146 411 2231 inpudica
430 2149 573 2213 faciebat.
612 2150 698 2213 illam
718 2150 814 2232 igitur
833 2169 907 2213 uere
930 2154 1054 2213 exutam
1078 2150 1208 2214 dixerim
1230 2151 1327 2214 etiam

180 2253 315 2337 pallium
346 2253 461 2336 loseph
491 2253 664 2318 humanum
696 2256 866 2333 tenentem,
898 2273 976 2336 quae
1007 2255 1111 2318 omnia
1142 2259 1328 2319 ornamenta

181 2357 311 2440 pudoris
328 2362 358 2421 et
374 2359 425 2421 uel
442 2359 563 2422 animae
579 2357 754 2441 perdiderat
769 2359 933 2422 castitatis
971 2357 1060 2422 illum
1082 2359 1159 2422 satis
1182 2361 1326 2422 ornatum

181 2462 325 2543 satisque
348 2463 497 2527 uestitum
522 2463 663 2543 dixerim,
694 2463 783 2527 cuius
811 2481 870 2527 uox
893 2480 955 2528 non
979 2461 1161 2527 audiebatur
1184 2468 1216 2527 et
1237 2465 1327 2527 inno·

181 2567 288 2630 centia
310 2566 503 2648 loquebatur.
543 2567 587 2630 sie
611 2566 754 2631 Susanna
780 2571 900 2649 postea,
933 2567 1006 2631 dum
1035 2571 1118 2630 tacet
1143 2567 1175 2630 in
1203 2567 1325 2649 iudicio,
1354 2594 1381 2633 a

181 2671 298 2735 melius
329 2671 433 2735 locuta
464 2675 512 2734 est
541 2671 665 2736 oraculo
695 2674 726 2736 et
757 2671 826 2736 ideo
858 2671 991 2735 emeruit
1020 2671 1191 2753 prophetae
1220 2672 1327 2736 delen·

181 2777 316 2855 sionem,
340 2793 419 2856 quae
436 2776 578 2858 propriae
595 2776 680 2840 noeis
696 2794 757 2839 non
782 2775 938 2858 quaesiuit
959 2775 1118 2839 auxilium.
1158 2776 1328 2840 beatiorem

181 2898 258 2964 ergo
282 2879 372 2943 illum
396 2879 533 2961 dixerim,
565 2899 637 2944 cum
659 2881 690 2944 in
714 2898 873 2944 carcerem
895 2880 1082 2960 mitteretur,
1112 2880 1165 2962 qui
1192 2881 1328 2945 sustine-

179 2983 238 3049 bat
269 3001 325 3065 pro
356 2985 500 3049 castitate
532 2985 725 3068 martyrium.
762 2983 882 3048 bonum
912 2985 996 3047 enim
1026 2988 1074 3048 est
1101 3003 1216 3049 munus
1239 2986 1327 3068 pudi-

179 3090 277 3154 citiae
301 3089 407 3169 etiam,
430 3107 500 3152 oum
526 3090 593 3153 sine
616 3089 754 3172 periculo
777 3089 961 3169 custoditur,
985 3087 1038 3152 ubi
1061 3108 1135 3153 uero
1159 3090 1253 3153 etiam
1277 3108 1327 3153 aa·
1354 3117 1380 3156 a>

180 3194 260 3258 lutis
284 3194 420 3274 periculo
444 3193 630 3272 defenditur,
653 3193 696 3257 ibi
716 3193 840 3275 plenius
861 3196 1035 3257 coronatur.
1074 3193 1213 3257 inaudita
1232 3213 1328 3258 causa

178 3303 348 3380 tamquam
370 3315 442 3361 reus
465 3298 605 3362 criminis
628 3298 660 3362 in
684 3316 841 3362 eaucerem
865 3297 978 3380 loseph
1001 3298 1146 3378 mittitur,
1177 3298 1231 3362 sed
1255 3317 1326 3363 eum

179 3401 332 3467 dominus
355 3419 413 3466 neo
436 3402 467 3465 in
491 3419 613 3466 camere
636 3401 809 3466 deserebat.
848 3419 910 3466 non
931 3405 981 3466 est
995 3405 1084 3485 turpe
1098 3403 1326 3484 innocentibus,

177 3524 255 3570 eum
285 3505 374 3570 falsis
403 3506 587 3570 criminibus
610 3508 809 3590 appetuntur,
839 3523 913 3570 eum
943 3523 1092 3589 oppressa
1117 3507 1237 3571 iustitie
1263 3510 1326 3571 tre·

289 3659 516 3730 ammas

224 3813 317 3866 3uon
334 3809 441 3876 addidi,
460 3827 511 3866 oar.
524 3811 554 3864 D
617 3807 742 3864 ltenied
760 3810 790 3864 D
854 3824 906 3862 uon
925 3825 1032 3864 aarum
1050 3809 1081 3863 ἐκ
1099 3810 1128 3863 D
1192 3809 1325 3864 bdereli-

178 3896 292 3967 quidD
344 3896 468 3964 lpotius
482 3897 511 3950 D
565 3898 597 3950 10
616 3911 704 3949 rerum
722 3898 829 3965 scripsi,
848 3897 956 3950 renuD
1009 3897 1042 3951 12
1059 3895 1202 3965 pullegio
1254 3896 1325 3965 pilli-

177 3985 251 4038 eiam
274 3985 305 4038 D
376 3985 409 4039 13
432 3982 528 4051 accipit
551 3984 580 4037 D
650 3983 739 4037 tonica
761 3985 791 4038 D
863 3986 895 4039 14
918 3986 1070 4036 accussatus
1094 3984 1123 4037 D
1194 3985 1226 4038 15
1250 3999 1325 4037 acus-

177 4087 240 4126 sare
259 4071 291 4126 D
343 4072 376 4125 l'l
393 4070 543 4122 humanum
561 4071 667 4138 scripsi,
685 4070 803 4124 humano
816 4071 846 4124 D
899 4073 931 4126 18
949 4070 1052 4123 animae
1069 4071 1176 4139 scripsi,
1195 4070 1284 4122 anima
1296 4072 1326 4125 D

177 4161 213 4214 20
235 4156 316 4210 ducet
334 4157 363 4210 D
415 4158 447 4212 21
467 4155 573 4209 oraculo
591 4157 698 4226 scripsi,
718 4154 825 4210 oracula
842 4158 872 4212 D
923 4159 957 4213 22
976 4156 1126 4211 beationem
1142 4157 1172 4210 D
1223 4158 1256 4210 27
1270 4173 1325 4210 cre·

177 4269 264 4324 minis
282 4269 313 4323 D
374 4270 408 4324 28
426 4283 557 4322 carcerem
575 4269 605 4324 D
666 4235 775 4322 def-ebat
793 4268 823 4323 D
884 4267 962 4322 turbe
979 4269 1009 4325 D
1065 4272 1099 4326 29
1117 4267 1278 4325 oraminibus
1296 4271 1326 4326 D

177 4356 343 4430 eppituntur
359 4355 389 4411 D
