3100 4892
250 429 309 492 132
631 426 665 480 ll.
685 402 729 480 llo¹
747 426 867 494 spiritu
888 430 1000 480 sancto

245 621 308 668 non
338 606 452 687 potest,
483 606 519 668 ut
548 603 655 668 abdita
684 603 882 686 cogitationis
912 603 1069 666 humanae
1099 601 1177 664 scire
1203 600 1314 681 possit.
1355 601 1387 663 et

244 707 314 773 ideo
330 708 368 772 de
388 708 454 772 solo
476 708 532 772 deo
555 708 703 792 legimus:
728 707 792 790 qui
812 707 912 772 solus
932 707 1032 771 nosti
1051 705 1161 770 corda
1180 703 1386 783 hominum,

245 815 277 877 ct
306 813 434 877 iterum:
467 814 547 895 ipse
579 813 675 877 enim
706 811 812 877 nouit
842 812 990 876 occulta
1020 809 1153 875 cordis.
1192 810 1218 874 si
1247 808 1387 873 hominis

244 918 366 982 occulta
381 935 567 1001 cognoscere
587 917 760 981 diuinitatis
781 919 830 981 est
849 916 1020 1000 proprium,
1044 916 1161 997 quanto
1176 913 1279 998 magis
1300 931 1388 976 soru-

206 1048 219 1086 n
245 1023 305 1087 tari
327 1021 482 1106 profunda
505 1021 554 1085 dei
577 1039 720 1102 summae
741 1023 774 1085 in
798 1038 931 1104 persona
947 1020 1075 1103 spiritus
1092 1019 1193 1084 sancti
1209 1017 1389 1082 maiestatis

244 1123 370 1211 insigne'
390 1131 447 1191 cst.

286 1231 417 1295 ductori
439 1233 563 1296 tantum
586 1229 718 1295 debetur
739 1230 799 1294 hoc
821 1229 1033 1313 priuilegium,
1063 1232 1100 1292 ut
1122 1227 1389 1292 conscientiarum

243 1334 343 1417 possit
368 1335 485 1399 intrare
511 1338 675 1399 secretum.
715 1334 821 1398 anima
843 1351 917 1398 uero
940 1334 1062 1398 animae
1090 1337 1145 1397 aut
1171 1332 1303 1416 angelus
1332 1349 1390 1396 an·

243 1440 314 1523 gelo
337 1439 464 1523 adiungi
485 1443 599 1523 potest,
628 1439 750 1503 infundi
777 1457 840 1504 uon
863 1441 976 1522 potest,
1003 1439 1076 1521 quia
1096 1437 1276 1502 huiusmodi
1299 1455 1390 1501 crea-

193 1569 218 1607 10
243 1547 383 1608 turanum
406 1562 522 1628 genera
544 1546 668 1608 tantum
692 1543 820 1627 spiritus
837 1544 948 1624 sancti,
971 1543 1003 1606 id
1018 1546 1067 1607 ast
1082 1543 1177 1607 solius
1194 1541 1243 1605 dei
1258 1541 1391 1624 capacia

243 1651 328 1728 sunt,
355 1649 429 1731 quia
455 1647 544 1732 figuli
571 1648 620 1712 sui
648 1665 726 1712 uasa
748 1651 832 1728 sunt,
861 1647 899 1711 ab
927 1647 981 1712 illo
1004 1646 1070 1711 solo
1092 1646 1214 1728 impleri
1240 1649 1389 1729 possunt,

243 1770 344 1834 aquo
367 1753 405 1816 dc
428 1752 526 1817 nihilo
549 1752 728 1816 factasunt
751 1755 783 1816 et
806 1751 873 1816 sine
897 1769 958 1834 quo
981 1769 1082 1815 uacua
1104 1769 1173 1814 esse
1196 1750 1389 1815 sentiuntur.

241 1856 286 1921 ita
308 1855 487 1941 substantia
509 1857 631 1920 animae
655 1859 763 1939 utpote
791 1856 923 1920 materia
950 1855 1117 1938 corporalis
1146 1855 1224 1919 aliae
1247 1855 1391 1919 ratione·

241 1959 298 2025 bili
327 1965 487 2025 creaturae
517 1961 644 2044 penitus
674 1961 776 2025 nescit
806 1961 939 2025 infundi.
987 1959 1185 2024 crassitudini
1217 1959 1302 2023 enim
1336 1979 1391 2022 er·

191 2089 216 2129 1⁵
242 2064 364 2129 terioris
393 2064 530 2130 hominis
561 2067 731 2149 conparata
760 2065 867 2129 anima
897 2065 1079 2147 incorporea
1109 2064 1169 2128 dici
1198 2066 1313 2146 potest,
1350 2063 1390 2127 ad

242 2172 402 2233 auctorem
429 2187 502 2233 uero
529 2170 638 2250 relata,
667 2169 717 2232 cui
741 2169 1019 2253 conprehensibilis
1043 2172 1090 2232 est
1113 2169 1245 2233 materia
1267 2185 1330 2231 sua
1359 2172 1392 2232 et

241 2273 363 2338 factura
384 2272 562 2357 palpabilis,
590 2293 609 2338 a
632 2293 692 2357 qno
715 2275 797 2338 intra
817 2290 928 2356 corpus
944 2272 1061 2336 includi
1076 2276 1108 2336 st
1122 2271 1274 2356 conligari
1290 2275 1391 2355 atque

240 2378 306 2461 igni
335 2383 485 2460 perpetuo
520 2378 691 2462 mancipari
726 2380 838 2461 potest,
874 2378 956 2442 sicut
989 2377 1135 2461 legimus,
1170 2381 1206 2440 ut
1239 2379 1314 2440 eant
1352 2377 1390 2441 in

242 2482 365 2566 ignem
395 2485 603 2562 aeternum,
636 2483 698 2565 qni
728 2485 883 2566 paratus
915 2485 972 2546 est
1002 2481 1150 2546 diabolo
1179 2484 1215 2544 et
1237 2481 1392 2564 angelis

190 2612 216 2650 ro
242 2587 336 2668 eius,
359 2587 433 2651 huic
454 2588 668 2652 indubitanter
691 2588 811 2652 auctori
832 2605 888 2670 pro
912 2587 1039 2651 factoris
1063 2587 1130 2651 iure
1154 2604 1302 2670 corporea
1328 2591 1390 2651 est.

285 2689 344 2756 Sed
367 2692 498 2756 forsitan
514 2693 614 2756 dicas:
638 2693 842 2757 manifestum
859 2695 916 2773 est,
937 2691 1019 2774 quod
1035 2691 1179 2756 scotiam
1195 2691 1391 2756 daemonum

241 2795 409 2878 inportuna
430 2796 579 2861 uiolentia
601 2797 632 2861 in
647 2797 801 2877 homines
826 2815 903 2879 quos
919 2797 1117 2879 temptandos
1134 2795 1299 2880 acceperit,
1323 2797 1393 2860 fra-

243 2903 373 2981 quanter
395 2900 548 2964 infundat.
587 2919 649 2965 non
679 2901 725 2965 ita
747 2905 805 2965 est.
846 2919 918 2965 nam
946 2900 1083 2984 corporis
1106 2899 1243 2964 latebras
1265 2900 1392 2966 intrare

241 3007 382 3087 possunt,
411 3005 533 3069 animae
560 3023 635 3070 uero
662 3006 809 3070 interiora
836 3006 920 3070 adire
947 3023 1009 3069 non
1037 3008 1178 3088 possunt.
1222 3004 1392 3068 sciendum

190 3131 216 3172 aa
243 3127 316 3192 ergo
347 3113 404 3190 est,
436 3109 516 3192 quod
547 3111 733 3193 spiritalium
764 3109 974 3192 nequitiarum
1005 3109 1112 3175 dolosa
1142 3109 1299 3174 subtilitas
1334 3109 1394 3174 illa

242 3213 457 3278 membrorum
479 3214 548 3279 loca
570 3232 626 3278 suo
642 3213 749 3278 turbat
763 3216 900 3295 incursu,
924 3232 1004 3297 quae
1019 3214 1176 3280 interdurn
1196 3215 1269 3278 uino
1285 3213 1393 3279 nimio

346 3429 374 3499 a]
394 3433 410 3485 a
429 3429 584 3499 aegaea
603 3430 779 3494 arcesso.
829 3431 856 3498 a]
878 3431 964 3486 icor.
978 3435 1016 3494 14,
1027 3435 1068 3487 as.
1119 3432 1162 3500 rs]
1182 3431 1334 3496 ratenus,
1347 3435 1392 3489 or.

286 3633 303 3686 2
320 3637 383 3686 cato
400 3630 541 3684 hominum
558 3633 681 3687 exstabat
699 3631 816 3686 filiorum
835 3635 866 3687 in
885 3633 1108 3700 Raeticarum
1126 3641 1165 3690 est
1217 3636 1233 3689 3
1251 3632 1347 3689 oculta
1366 3637 1397 3691 P

244 3717 535 3788 cordis-cognoscere]
554 3735 710 3786 cognoscere
722 3721 750 3773 et
762 3719 812 3772 hoc
829 3719 885 3775 sic
938 3720 972 3789 si]
986 3720 1056 3774 enim
1069 3720 1133 3776 odd.
1147 3721 1174 3776 P
1225 3721 1352 3777 loculta
1366 3724 1397 3778 P

243 3808 381 3874 ssummp
399 3806 430 3872 V,
447 3805 587 3859 summiP
638 3806 861 3860 lconscientiam
881 3807 908 3860 P
958 3810 1122 3862 8sacretam
1141 3808 1169 3861 P
1220 3809 1326 3863 animae
1351 3813 1394 3866 V¹

243 3891 442 3959 9coniungiP
494 3895 525 3948 11
544 3891 633 3960 figuli]
653 3892 793 3997 ffiflfflp
844 3895 953 3948 uanaP
1004 3895 1130 3963 possitV
1182 3897 1214 3950 12
1227 3895 1396 3952 sentiuntP

245 4006 278 4059 13
295 4003 431 4106 1111111111)
495 4003 638 4073 corporalis
656 4009 753 4060 notura
771 4007 799 4060 P
815 4009 962 4077 (suprascr.
975 4025 1047 4062 mon.
1061 4009 1120 4076 alt.)
1184 4007 1234 4060 alic
1254 4009 1287 4077 P,
1307 4009 1354 4063 alii
1376 4030 1394 4066 τ

244 4114 446 4185 crassitudinem
468 4117 535 4181 V(i
553 4135 623 4172 maa.
638 4119 696 4186 alt.)
751 4123 783 4175 15
802 4123 954 4190 comparata
971 4122 999 4175 P
1051 4123 1083 4176 16
1100 4119 1348 4190 comprehensibilis
1364 4124 1396 4178 P

246 4203 416 4273 tornatura]
440 4205 573 4259 suaodd.
598 4205 625 4258 P
694 4205 813 4275 colligari
837 4208 864 4261 P
938 4211 969 4263 19
993 4211 1033 4261 ost
1056 4227 1106 4264 ooo.
1130 4208 1158 4260 P
1227 4207 1336 4262 diabulo
1369 4211 1397 4266 V

244 4293 278 4344 21)
296 4307 343 4360 pro
362 4291 482 4361 lactoris]
501 4291 696 4360 perfectorisP
747 4295 816 4362 iuro]
837 4295 864 4347 in
884 4311 910 4347 ro
931 4314 944 4350 r·
997 4297 1028 4350 21
1050 4293 1156 4348 dioisP
1206 4295 1240 4349 22
1259 4297 1393 4364 acciperit

252 4378 279 4444 i',
299 4383 468 4446 aer-operato
520 4383 554 4434 25
572 4379 752 4448 spiritualium
772 4382 799 4434 P
