3100 4892
613 407 678 463 1111.
698 407 808 463 Sermo
827 411 867 464 11.
1245 410 1309 474 265

169 585 275 648 animo
308 584 491 668 cogitantes,
526 589 678 667 quantum
712 585 884 668 possimne,
918 603 991 648 cum
1023 585 1122 668 ipsius
1156 585 1309 650 adiutorio

169 688 328 754 beneficiis
364 689 429 756 eius
462 691 564 755 uicem
596 689 767 772 rependere
799 690 995 755 festinemus.
1045 709 1108 756 non
1140 690 1309 755 reddamus

169 794 254 858 mala
269 811 323 877 pro
339 794 440 874 bonis,
464 795 528 874 sed,
551 798 705 877 quantum
719 795 888 877 possimus,
912 795 1067 859 uoluntati
1081 795 1166 859 illius
1188 793 1310 859 obtem·

167 917 277 982 parare
299 898 372 962 totis
389 898 508 964 uiribus
531 899 703 964 innitentes
721 899 903 964 studeamus
927 898 1070 980 fideliter,
1092 903 1130 964 ut
1143 903 1310 982 praecepte

168 1003 252 1066 illius
281 1004 381 1087 magis
404 1003 494 1068 nobis
518 1003 642 1087 pariant
669 1003 707 1067 de
731 1003 923 1086 sequacitate
946 1003 1130 1083 remedium,
1153 1020 1249 1086 quam
1270 1005 1309 1069 de
1349 1032 1362 1070 s

166 1107 418 1192 transgressione
440 1107 600 1172 iudicium.

210 1211 295 1277 Nam
330 1213 404 1294 quid
439 1212 604 1292 faciemus,
644 1212 757 1277 iratres
790 1212 956 1292 carissimi,
991 1213 1024 1277 in
1054 1213 1107 1277 illo
1143 1213 1309 1278 metuendo

165 1316 275 1382 iudicii
312 1316 375 1397 die,
421 1335 492 1382 cnm
530 1321 683 1382 tremente
722 1317 837 1382 mundo
875 1317 1019 1382 dominus
1056 1316 1308 1400 praecinentibus

165 1422 352 1506 angelorum
382 1421 521 1486 buccinis
550 1423 581 1486 in
612 1422 665 1486 illo
695 1422 868 1487 maiestatis
898 1440 973 1486 suae
1001 1422 1114 1487 throno
1136 1421 1309 1486 circumda-

164 1531 217 1590 tus
248 1525 393 1591 caelestis
423 1526 553 1591 militiae
582 1527 652 1590 luce
696 1526 872 1591 consederit
900 1526 1006 1608 ibique
1036 1526 1075 1590 de
1105 1529 1208 1590 terrae
1239 1543 1310 1610 gre·
1336 1553 1361 1592 ro

165 1631 229 1696 mio
259 1634 291 1695 et
313 1630 441 1713 antiquo
470 1631 599 1714 puluere
622 1631 808 1695 suscitatum
838 1629 1013 1695 humanum
1043 1648 1143 1714 genus
1165 1630 1310 1694 adstante

165 1735 349 1800 testimonio
365 1736 404 1800 ad
426 1735 631 1800 conscientias
649 1735 845 1819 singulorum
867 1735 977 1818 positis
992 1735 1025 1799 in
1048 1737 1217 1818 conspectu
1240 1753 1312 1818 pec

65 1887 68 1894 .
165 1843 309 1904 catorum
332 1839 440 1922 poenis
468 1840 684 1922 iustorumque
711 1839 858 1923 praemiis
885 1838 1039 1904 rationem
1066 1839 1152 1903 uitae
1174 1840 1312 1922 coeperit

165 1943 328 2028 postulare
352 1947 383 2008 et
410 1943 480 2027 plus
509 1941 570 2010 iam
595 1944 696 2009 iustus
719 1961 816 2026 quam
838 1943 1014 2008 misericors
1036 1944 1205 2008 senentate
1228 1943 1311 2008 iudi-

164 2049 211 2114 cis
236 2052 434 2132 contemptae
457 2047 686 2114 misericordiae
713 2065 782 2112 reos
805 2047 942 2130 coeperit
964 2065 1110 2112 accusare
1138 2051 1171 2112 et
1193 2048 1309 2113 dicere:
1339 2077 1364 2116 a

167 2171 227 2237 ego
256 2155 287 2217 te
314 2153 408 2218 homo
432 2153 547 2218 elimo
573 2151 719 2217 manibus
743 2153 822 2216 mois
848 2152 917 2232 ieci,
945 2169 1002 2235 ego
1030 2153 1162 2218 terronis
1188 2152 1309 2218 artibus

162 2258 313 2342 spiritum
339 2257 449 2338 indidi,
478 2275 535 2341 ego
562 2257 619 2321 tibi
645 2257 817 2340 imaginem
844 2260 985 2321 nostram
1011 2257 1310 2340 similitudinemque

162 2362 307 2428 conferre
330 2361 476 2446 dignatus
500 2380 581 2442 sum,
605 2379 661 2446 ego
685 2364 716 2425 te
737 2361 819 2426 inter
841 2361 977 2445 paradisi
999 2361 1127 2426 delicias
1149 2361 1308 2426 collocant.

161 2471 197 2530 tu
214 2465 327 2530 uitalia
339 2465 487 2531 mandata
501 2469 705 2531 contemnens
722 2465 918 2548 deceptorem
935 2465 1024 2548 sequi
1035 2482 1130 2548 quam
1145 2465 1309 2530 dominum

162 2571 317 2636 maluisti.
367 2571 422 2636 sed
454 2571 582 2653 antiqua
609 2575 779 2655 praetereo.
819 2576 922 2637 motus
951 2575 1060 2654 postea
1089 2570 1310 2651 misericordia,
1336 2599 1363 2638 ro

162 2694 241 2741 cum
266 2675 412 2759 expulsus
436 2675 473 2740 de
496 2675 641 2759 paradiso
664 2677 731 2740 iure
756 2676 877 2759 peccati
900 2676 1009 2740 mortis
1031 2675 1166 2739 uinculis
1188 2678 1311 2740 tenere-

161 2783 218 2861 ris
242 2779 430 2863 uirginalem
452 2784 577 2845 uterum
601 2781 667 2845 sine
690 2780 851 2864 dispendio
865 2780 1055 2864 uirginitatis
1078 2779 1244 2863 pariendus
1264 2781 1312 2844 in-

161 2885 270 2950 troiui.
308 2885 339 2949 in
362 2885 524 2967 praesepio
544 2885 701 2968 expositus
725 2889 756 2950 et
777 2884 891 2967 pannis
907 2883 1074 2949 obuolutas
1097 2883 1187 2963 iacui,
1209 2884 1312 2949 inian-

162 2992 228 3056 tiae
245 2989 452 3054 contumelias
466 2991 681 3072 humanosque
698 2989 830 3070 dolores,
854 2987 967 3071 quibus
983 2988 1040 3053 tibi
1060 2989 1171 3053 similis
1192 2987 1310 3069 fierem,

161 3095 204 3160 ad
230 3094 291 3159 hoc
312 3093 441 3174 scilicet,
464 3099 499 3159 ut
521 3099 552 3160 te
575 3094 654 3158 mihi
677 3095 812 3159 similem
835 3095 983 3174 lacerem,
1005 3094 1074 3158 tuli.
1110 3094 1312 3158 inridentium
1336 3119 1362 3158 re

159 3200 291 3284 palmas
314 3203 345 3264 et
367 3203 460 3282 sputa
483 3199 616 3282 suscepi,
639 3203 764 3264 acetum
787 3217 860 3263 cum
882 3199 955 3262 felle
977 3197 1051 3262 bibi.
1085 3197 1217 3282 flagellis
1240 3217 1310 3263 cae-

207 3441 401 3510 2replcndore
420 3443 449 3497 D
513 3445 730 3512 30ptemperaro
748 3444 778 3497 D
838 3442 999 3496 dinitentes
1018 3442 1048 3496 D
1112 3441 1261 3494 studemus
1281 3442 1310 3496 D

159 3556 315 3625 5pareant
333 3555 362 3609 D
424 3521 619 3624 ‹10⁸⁴qualeitate
638 3556 667 3610 D
725 3555 805 3610 uille
824 3557 854 3610 D
906 3552 1023 3611 8iudici
1043 3555 1073 3608 D
1124 3553 1262 3608 tremende
1281 3555 1311 3610 D

158 3639 339 3714 peinantibus
358 3643 387 3696 D
447 3642 586 3698 9bucinis
606 3645 634 3698 D
688 3645 720 3698 12
738 3642 893 3696 testimonio
912 3641 1088 3695 conscientiae
1106 3643 1178 3711 Aap.
1249 3657 1309 3710 pos-

159 3731 223 3786 sitis
250 3729 280 3784 D
350 3731 383 3785 la
404 3730 474 3800 pmis
496 3730 526 3784 D
595 3731 710 3799 coeperit
732 3733 813 3800 Anop„
837 3729 923 3799 caepit
946 3730 975 3783 D
1046 3731 1078 3784 15
1101 3731 1253 3798 contempte
1280 3730 1310 3784 D

159 3816 285 3887 caeperit
303 3817 332 3870 D
393 3833 529 3871 occursare
548 3818 577 3872 D
644 3820 676 3873 16
695 3817 773 3888 elimo
793 3817 823 3872 D
887 3815 999 3885 artltibus
1017 3817 1047 3870 D
1066 3817 1136 3883 (crat
1153 3831 1170 3868 a
1190 3818 1223 3870 ia
1243 3818 1310 3884 rus.)

159 3909 194 3962 17
221 3901 330 3958 inland
355 3905 384 3958 D
451 3907 572 4007 ¹nostram
591 3905 776 3974 Ao9.,na1>
847 3906 879 3960 18
898 3903 1000 3958 ducias
1023 3903 1052 3957 D
1122 3905 1154 3958 19
1173 3905 1309 3972 contemp-

158 4034 231 4076 nens
252 4018 281 4072 D
350 4019 385 4073 20
407 4017 525 4072 maluisti
548 4018 578 4071 D
644 4017 732 4086 pterio
755 4019 785 4072 D
858 4019 890 4071 21
916 4015 1043 4069 tenereris
1060 4017 1142 4086 Aaou,
1164 4015 1262 4069 teneris
1279 4015 1310 4070 D

157 4107 194 4162 23
225 4105 361 4174 expositus
387 4106 468 4174 dap,
496 4108 522 4158 et
548 4105 650 4174 positus
673 4105 702 4158 D
771 4105 806 4158 24
829 4102 999 4157 contumiliae
1022 4103 1052 4156 D
1121 4105 1154 4158 25
1178 4104 1205 4154 tc
1227 4103 1309 4171 Aaou,

157 4197 189 4246 tu
220 4191 254 4246 D
324 4193 358 4247 26
387 4191 484 4260 suscipi
512 4193 541 4246 D
610 4189 724 4262 allcqtum
752 4192 781 4245 D
847 4197 911 4260 post
937 4189 999 4243 fello
1025 4191 1057 4244 ia
1083 4189 1113 4242 D
1138 4205 1238 4244 rasura
1264 4205 1308 4244 ex·

156 4289 225 4352 stat,
256 4283 287 4336 ia
308 4297 364 4351 qun
390 4281 474 4334 unctui
499 4282 543 4335 uel
569 4279 657 4334 unctio
683 4281 769 4348 suase
794 4278 904 4333 radam
982 4292 1070 4330 cessus
1088 4275 1106 4343 ill
1127 4275 1157 4330 D
1181 4275 1250 4341 (erat
1276 4290 1309 4345 pr

157 4373 191 4428 in
211 4371 282 4438 ras.)
