3100 4892
271 427 292 489 4
630 425 652 479 l.
672 426 717 479 De
735 425 850 495 gratia.
875 425 1044 494 Prologus.

269 601 426 665 minatum
449 606 481 666 et
503 602 556 666 ille
579 605 645 666 tota
672 603 782 667 reddat
805 601 995 666 subiectione
1022 601 1194 666 seruitium.
1242 599 1405 684 augebitur

270 709 374 768 autem
399 706 535 789 dignitas
564 706 759 789 imperantis
788 707 812 770 si
836 707 865 770 ei
891 725 1014 789 semper
1041 710 1163 787 praesto
1192 705 1234 769 sit
1256 705 1405 768 sedulitas

269 809 476 891 obsequentis.
521 811 679 875 socientur
700 811 766 874 ima
790 811 921 875 summis
945 811 1050 892 sicque
1074 810 1241 890 socientur,
1264 812 1300 872 ut
1322 807 1405 872 subi-

268 914 390 978 ciantur
414 915 531 996 utique,
556 933 617 979 non
641 919 824 996 aequentur.
863 915 917 979 sed
941 915 1023 978 sicut
1045 915 1153 978 deesse
1175 933 1237 978 non
1261 913 1407 977 conuenit

229 1037 243 1076 ι
268 1018 469 1101 gubernatori
491 1019 642 1102 remigem
667 1038 769 1099 suum,
798 1019 952 1083 sacerdoti
975 1019 1155 1082 ministrum
1178 1036 1282 1097 suum,
1308 1018 1406 1099 impe-

266 1123 361 1186 ratori
384 1123 516 1186 militem
540 1141 641 1202 suum,
669 1123 714 1187 ita
736 1127 857 1206 oportet
880 1127 915 1187 ut
937 1123 1039 1205 gratia
1062 1122 1190 1185 alumna
1212 1120 1407 1184 oboedientia

267 1225 466 1308 inseparabili
490 1227 638 1290 seruitute
662 1245 779 1290 conexa
800 1227 850 1290 sit.
890 1245 999 1290 uerum
1023 1225 1096 1308 quia
1118 1225 1263 1308 Pelagius
1287 1225 1405 1286 nudum

266 1329 405 1394 laborem
429 1330 625 1412 inportunius
649 1331 763 1394 exaltat
791 1334 822 1394 et
844 1331 1015 1394 humanam
1039 1331 1166 1393 demens
1189 1327 1406 1392 infirmitatem

268 1434 334 1497 sine
350 1434 451 1518 gratia
474 1433 533 1497 sibi
556 1452 647 1517 posse
663 1433 807 1498 sufficere
830 1435 926 1498 stulte
941 1434 1079 1514 credidit,
1102 1433 1196 1516 impie
1216 1432 1407 1514 praedicauit

217 1556 241 1594 ιο
268 1537 410 1602 elationis
437 1541 555 1601 turrem
583 1538 615 1602 in
644 1539 765 1602 caelum
793 1542 922 1602 conatus
951 1539 1078 1621 erigere,
1106 1538 1316 1619 blasphemias
1340 1537 1406 1599 eius

267 1642 355 1706 breui
377 1659 519 1706 sermone
542 1642 770 1726 praestringere
795 1646 827 1706 et
848 1642 1009 1706 confutare
1024 1641 1235 1705 necessarium
1258 1639 1407 1703 iudicaui-

268 1763 348 1826 muS,
371 1765 410 1808 ne
426 1746 505 1809 forte
521 1745 558 1826 is,
582 1747 634 1828 qui
649 1747 765 1809 donum
788 1745 914 1824 laboris,
938 1745 970 1808 id
985 1748 1033 1809 est
1051 1746 1252 1827 praeceptum
1268 1743 1405 1807 iubentis

267 1849 411 1929 excludit,
436 1849 646 1913 asserentibus
663 1849 762 1929 nobis,
786 1850 868 1931 quod
891 1849 938 1912 dei
962 1849 1174 1912 misericordia
1195 1847 1256 1911 fide
1279 1851 1311 1911 et
1332 1865 1405 1929 ope-

266 1953 352 2016 ribus
379 1953 583 2036 promerenda
613 1957 674 2044 est,
705 1953 888 2017 catholicam
918 1971 1028 2017 uocem
1058 1953 1097 2016 ad
1127 1951 1247 2034 Pelagii
1277 1970 1403 2014 sensum

217 2077 241 2116 rs
268 2057 463 2122 discretionis
487 2057 610 2121 nescius
630 2057 801 2139 adplicaret
824 2062 856 2121 et
870 2058 987 2121 omissa
1008 2057 1061 2120 uia
1083 2057 1222 2140 regiain
1246 2056 1404 2119 dexteram

268 2163 381 2226 cadens
405 2162 438 2225 in
461 2160 620 2225 sinistram
643 2162 797 2225 declinare
820 2180 876 2226 nos
900 2161 1047 2241 crederet,
1075 2165 1117 2241 et,
1141 2161 1214 2223 dum
1239 2159 1403 2223 delabere

268 2283 357 2330 seruo
384 2267 504 2348 gratiae
531 2265 703 2347 loquimur,
731 2265 952 2330 offendiculum
979 2264 1173 2348 antepedes
1200 2263 1283 2327 caeci
1310 2280 1403 2345 oppo-

268 2371 367 2432 suisse
390 2369 575 2433 uideremur.
623 2381 701 2432 cum'
718 2373 825 2432 autem
847 2370 1038 2432 mentionem
1061 2368 1098 2431 de
1121 2386 1213 2449 opere
1240 2385 1276 2430 ac
1298 2366 1402 2431 labore

267 2473 442 2554 fecerimus,
462 2474 640 2557 prophetae,
664 2473 805 2554 apostoli,
829 2473 1039 2556 euangelistae
1054 2476 1087 2535 et
1102 2471 1207 2535 uerbis
1226 2474 1351 2534 utemur
1373 2475 1403 2533 et

216 2595 241 2633 ιο
268 2575 421 2646 sensibus.
465 2575 577 2659 quibus
605 2578 631 2640 si
653 2577 722 2658 quis
748 2576 901 2640 contraire
927 2575 1181 2658 praesumpserit,
1209 2591 1271 2638 non
1298 2576 1403 2638 nostra

268 2681 397 2745 inuenta
422 2681 589 2760 destruere,
620 2681 675 2744 sed
705 2679 852 2744 caelestia
878 2680 945 2743 sine
972 2679 1065 2743 dubio
1087 2679 1157 2742 iura
1179 2678 1349 2742 dissoluere
1371 2679 1403 2739 et
1475 2691 1482 2702 ·
1528 2706 1529 2715 .

268 2784 339 2848 fidei
362 2784 510 2849 subruere
527 2784 732 2848 fundamenta
754 2782 896 2848 tentabit.
924 2783 1018 2847 latius
1041 2787 1210 2864 utcumque
1226 2799 1402 2845 sermonem

268 2890 306 2952 de
328 2889 533 2971 praescientia
556 2891 587 2951 et
609 2888 887 2971 praedestinatione
913 2887 1125 2970 produximus,
1153 2889 1290 2968 atquae
1313 2888 1402 2968 puta·

267 2991 383 3056 bantur
406 2991 538 3056 obscma
560 2991 748 3056 absolutiora
770 2991 954 3056 tardioribus
978 2991 1188 3054 redderentur.
1218 2992 1403 3052 nouantem

216 3117 242 3156 aa
268 3097 398 3177 aliquos,
421 3096 473 3177 qui
488 3095 654 3159 uerborum
674 3095 809 3177 phaleris
826 3094 1028 3174 delectantur,
1050 3094 1196 3172 offendat,
1220 3091 1299 3173 qnod
1315 3091 1403 3155 testi·

268 3201 443 3263 munierum
467 3200 580 3263 uirtute
604 3199 741 3263 contenti
769 3198 886 3281 absque
910 3198 1100 3261 sublimitate
1128 3197 1278 3260 sermonis
1301 3195 1402 3258 lucem

268 3303 456 3386 protulimus
479 3303 631 3383 ueritatis,
659 3304 692 3366 in
715 3321 775 3385 quo
799 3303 924 3385 quidem
947 3302 1094 3384 opusculo
1116 3304 1187 3383 post
1209 3299 1403 3363 Arelatensis

269 3407 391 3471 concilii
414 3407 672 3490 subscriptionem
695 3407 785 3470 nouis
802 3406 956 3470 erroribus
979 3405 1178 3489 deprebensis
1201 3403 1281 3467 adici
1300 3403 1404 3484 aliqua

269 3511 404 3592 synodus
420 3510 637 3595 Lugdunensis
661 3510 771 3593 exegit.

312 3682 384 3737 3sic
402 3683 499 3737 omisso
518 3697 568 3750 que
587 3683 614 3735 P
656 3680 912 3736 subiciantueria
956 3680 1172 3749 5imperatorem
1185 3680 1212 3732 P
1245 3680 1404 3734 cusona

268 3769 390 3822 alumnae
409 3767 624 3870 oboedientiaedc
682 3767 809 3821 leonina
826 3768 853 3820 P
908 3766 1040 3822 Sexaltat
1062 3769 1089 3818 et
1112 3767 1219 3836 scripsi,
1246 3757 1402 3832 exultat'P,

269 3881 387 3935 exaltans
406 3885 466 3936 eta·
519 3847 639 3934 itcreriit
657 3881 684 3933 P
736 3883 930 3934 manatura
989 3882 1020 3935 ll
1039 3879 1201 3932 necesarium
1220 3879 1249 3932 P
1306 3881 1338 3933 17
1357 3895 1403 3948 cp-

268 3969 372 4037 pcsuise
390 3969 419 4022 P
477 3971 511 4024 20
529 3967 692 4022 contraries
756 3968 788 4021 21
808 3966 938 4021 distruere
956 3968 984 4021 P
1029 3967 1095 4036 iurati
1115 3967 1147 4030 P,
1165 3966 1255 4020 iurec
1308 3969 1341 4020 22
1361 3969 1403 4019 ut

269 4071 397 4123 cumquae
410 4055 438 4109 P
471 4057 504 4110 23
516 4053 751 4123 praedistinatioue
765 4054 792 4106 P
826 4056 859 4109 25
872 4053 961 4106 faleris
974 4054 1003 4107 P
1035 4055 1069 4108 26
1081 4052 1236 4120 absquaeP
1269 4055 1302 4107 27
1316 4053 1403 4120 arilia·

268 4143 351 4196 tensis
370 4143 398 4196 P
442 4144 476 4197 28
494 4141 686 4244 ιιιιιέἓιίριίοιιι
705 4142 732 4194 P
772 4140 957 4208 depraehensis
975 4141 1002 4195 P
1051 4143 1085 4195 29
1103 4139 1212 4193 sinodus
1231 4140 1257 4193 P
1303 4138 1403 4208 exegit]

268 4253 435 4308 EXPLICIT
458 4251 596 4308 PROLUS
614 4253 677 4308 add.
690 4253 719 4306 P
