3100 4892
613 430 677 486 IIII.
697 433 807 486 Sermo
825 435 866 488 20.
1245 432 1310 496 303

167 607 281 693 loseph
306 609 473 689 somnium,
497 610 586 692 99991
610 615 749 674 stantem
771 630 805 672 se
829 629 900 673 curu
924 608 1073 673 fratribus
1097 610 1162 672 suis
1183 609 1214 672 in
1236 627 1310 692 agro

167 719 199 778 et
222 715 397 796 manipulos
421 714 620 798 colligentem
644 718 675 778 91
698 715 831 778 fratrum
855 732 982 777 suorum
1007 713 1184 794 manipnlos
1212 712 1311 778 unde-

168 819 229 882 cim
253 819 380 883 adorare
404 819 600 902 manipulum
625 839 726 882 suurn.
763 819 823 883 hoc
845 820 878 881 in
901 819 954 882 illo
977 818 1090 900 loseph
1113 821 1188 882 tnuo
1211 818 1310 900 inple-

166 929 236 987 tum
264 927 321 1004 est,
352 924 474 1006 quando
499 943 571 987 eum
594 924 706 987 fratros
731 924 779 987 sui
802 923 834 986 in
857 921 1001 1005 Aegypto
1025 923 1240 986 adorauerunt.
1280 925 1311 984 et

166 1046 229 1092 non
253 1029 421 1112 incongrue
445 1029 544 1092 eoacti
568 1033 642 1093 sunt
664 1028 786 1092 steriles
810 1027 961 1111 manipuli
989 1027 1181 1091 fructuosum
1212 1025 1310 1088 mani·
1349 1051 1362 1089 9

166 1133 277 1214 pulum
308 1133 446 1214 adorare,
477 1153 532 1216 per
563 1153 657 1215 quem
685 1133 722 1196 de
750 1133 844 1196 famis
871 1132 1008 1214 99919919
1036 1130 1188 1194 liberandi
1212 1132 1309 1193 erant.
1398 1133 1402 1141 '

210 1237 297 1301 Uidit
331 1237 426 1302 etiam
457 1237 540 1301 aliud
571 1237 740 1316 somnium,
771 1235 854 1318 quod
882 1236 928 1299 sol
957 1239 987 1299 91
1015 1235 1090 1298 1999
1113 1238 1144 1298 91
1166 1234 1309 1297 undecim

166 1343 277 1405 stellae
308 1341 474 1407 adorarent
505 1361 586 1406 eum.
626 1341 675 1405 oni
705 1340 865 1424 respoudit
895 1344 984 1422 pater·
1012 1359 1101 1403 snus:
1132 1338 1310 1420 numquid

166 1464 233 1530 ego
262 1449 297 1509 et
325 1449 442 1510 muter
469 1451 532 1509 tua
560 1449 596 1510 91
624 1447 761 1510 fratres
790 1445 845 1509 tui
869 1444 1108 1508 adorabimus
1136 1448 1171 1507 te
1198 1436 1310 1525 s'uper

165 1552 327 1614 terram?
365 1551 422 1614 hoe
449 1551 481 1614 in
509 1551 562 1613 illo
584 1548 699 1631 Ioseph
723 1549 847 1631 impleri
870 1568 932 1613 non
956 1549 1068 1631 potuit,
1097 1547 1169 1629 quia
1192 1548 1255 1611 iam
1279 1551 1311 1610 et
1338 1573 1363 1610 u

164 1659 267 1718 mater
297 1655 381 1719 illius
413 1655 450 1717 de
480 1655 540 1718 hac
567 1655 635 1718 luce
664 1654 864 1738 migrauerat.
903 1653 936 1716 in
960 1655 1066 1717 nostro
1090 1670 1163 1716 uero
1186 1651 1310 1733 Ioseph,

164 1759 196 1822 id
227 1761 276 1822 est
306 1759 431 1822 domino
463 1763 569 1823 nostro
601 1759 673 1822 Iesu
698 1757 821 1822 Christo
852 1757 967 1822 somnii
996 1757 1081 1821 illius
1114 1760 1312 1821 sacramenta

164 1863 311 1945 conpleta
334 1867 417 1927 sunt.
456 1863 503 1927 sol
526 1864 610 1927 enim
634 1867 665 1927 et
688 1863 764 1926 luna
787 1865 818 1925 et
841 1862 987 1926 undecim
1011 1861 1120 1925 stellae
1145 1860 1311 1924 99199919-

163 1970 325 2048 rauerunt,
349 1969 472 2050 qnando
496 1971 567 2051 post
590 1967 851 2032 resurrectionem
874 1970 984 2030 saneta
1000 1966 1103 2030 Maria
1125 1963 1214 2046 99991
1236 1966 1311 2029 1999

165 2075 199 2135 91
221 2070 333 2136 beatus
357 2072 469 2155 Ioseph
493 2091 564 2136 oum
588 2073 735 2136 undecim
759 2071 870 2151 stellis,
900 2071 932 2134 id
961 2075 1009 2134 est
1034 2070 1136 2134 beatis
1159 2069 1309 2152 apostolis
1338 2095 1362 2134 u

163 2177 375 2240 adorauerunt
398 2196 481 2258 eum,
505 2178 557 2258 991
581 2177 736 2240 incuruati
760 2194 797 2240 ac
819 2176 967 2262 prostrati
990 2178 1064 2240 sunt
1086 2179 1159 2238 aute
1183 2194 1255 2238 eum
1279 2179 1311 2238 91

161 2281 285 2363 1991919
300 2285 348 2344 991
363 2282 537 2364 prophetia,
554 2300 631 2363 quae
648 2281 781 2344 dixerat:
805 2281 957 2344 laudate
978 2299 1059 2344 eum
1076 2280 1131 2342 sol
1152 2282 1187 2342 91
1207 2280 1308 2359 1999,

163 2385 316 2449 laudate
348 2405 428 2449 eum
460 2404 586 2450 omnes
618 2385 754 2450 stellae
786 2389 823 2448 et
853 2386 987 2448 lumen.
1028 2403 1101 2447 nam
1130 2402 1187 2465 999
1216 2383 1308 2447 modo

163 2489 314 2553 iratribus
338 2489 421 2553 illius
444 2490 546 2571 potuit
570 2490 747 2570 conuenire,
775 2489 856 2570 quod
886 2508 958 2552 9991
986 2489 1075 2570 99991
1103 2488 1212 2551 9191199
1235 2487 1309 2551 ado-

163 2612 233 2657 rare
264 2599 402 2675 possent,
434 2613 510 2676 9999
538 2594 672 2657 inuidiae
701 2612 760 2658 nox
789 2594 938 2657 obscuros
966 2597 997 2656 91
1024 2591 1205 2655 tenebrosos
1234 2591 1308 2654 effe·
1334 2617 1360 2654 99

163 2701 270 2762 cerat?
309 2682 372 2762 iam
399 2699 483 2762 eninr
513 2698 688 2762 9199119199
717 2698 882 2762 stellarum
905 2697 1116 2780 perdiderunt,
1144 2696 1251 2778 quiin
1275 2715 1308 2760 se

163 2804 272 2866 lunren
296 2803 435 2867 caritatis
460 2803 681 2867 exstinxerunt.
722 2803 834 2866 merito
864 2802 923 2865 hoc
947 2820 1019 2884 ergo
1043 2803 1074 2864 in
1098 2801 1223 2867 domino
1247 2802 1309 2864 sal-

165 2911 273 2971 uatore
302 2910 406 2972 nostro
429 2906 501 2971 lesu
526 2907 650 2972 Christo
679 2907 783 2970 uerius
812 2906 993 2988 conpletum
1021 2906 1118 2969 191999
1141 2906 1307 2986 eredimus,

164 3031 269 3092 quem,
295 3012 483 3075 9199199199
499 3013 593 3075 etiam
610 3012 681 3091 (lixi,
704 3011 834 3074 beatum
850 3011 964 3094 loseph
984 3013 1016 3074 91
1031 3009 1156 3074 beatam
1173 3010 1307 3073 Mariam

164 3134 236 3178 cunr
253 3116 396 3178 undecim
414 3117 561 3197 apostolis
578 3117 772 3197 frequentius
789 3115 923 3198 legimus
940 3115 1096 3178 adorasse.
1132 3133 1205 3178 nam
1226 3115 1307 3195 quod
1334 3137 1361 3178 99

164 3217 298 3302 99991911
322 3221 429 3284 lumen
453 3219 617 3284 stellarum
637 3219 815 3299 habuerint,
839 3220 905 3302 ipse
926 3219 1071 3282 dominns
1092 3220 1124 3282 in
1144 3219 1307 3301 euangelio

164 3325 255 3387 dixit:
280 3342 343 3388 999
367 3324 461 3388 99119
485 3325 545 3388 lun
568 3325 711 3404 mundi,
735 3327 766 3386 91
786 3323 902 3387 iterum
924 3323 961 3386 de
982 3323 1058 3404 ipsis
1078 3341 1115 3386 ao
1135 3322 1200 3386 suis
1221 3322 1308 3385 simi-

269 3514 298 3583 8]
318 3513 439 3578 (19937,
455 3517 494 3570 10.
551 3513 594 3582 17]
613 3512 712 3566 Psalm.
728 3514 786 3576 118,
800 3515 824 3567 3.
878 3512 926 3580 27]
944 3511 1040 3566 Metili.
1055 3516 1079 3579 5,
1094 3515 1133 3566 14.

208 3691 366 3744 19999999
386 3689 415 3742 D
468 3685 703 3742 291991191991)
759 3686 1093 3756 499199Α99.,991911)
1155 3685 1307 3742 5l'ructuo·

165 3792 223 3828 rum
244 3777 273 3830 D
335 3774 452 3829 ratium
472 3776 500 3828 D
554 3777 570 3829 tl
589 3777 754 3826 materteris
776 3774 804 3827 D
857 3774 1059 3827 adoraucrimus
1078 3776 1107 3828 D
1162 3777 1193 3828 10
1212 3774 1307 3840 9919-

164 3863 329 3928 migranerut
353 3879 404 3916 999.
423 3862 494 3930 Aup.
567 3861 629 3928 9919
652 3860 704 3912 iurn
727 3862 834 3929 scripsi,
862 3878 880 3926 9
907 3860 977 3914 ulam
1007 3863 1034 3914 D
1106 3863 1136 3915 12
1164 3861 1250 3913 somni
1278 3862 1308 3914 D

167 3951 197 4004 15
216 3948 325 4016 Ioseph]
344 3947 420 4000 uelut
439 3947 561 4002 99199191.
580 3949 652 4016 Aup.
716 3946 803 4000 beatis
822 3965 855 4001 99
872 3947 966 4000 beatus
986 3949 1014 4002 D
1080 3950 1111 4002 16
1129 3947 1306 3999 adorauerunt

165 4053 225 4089 eum
244 4035 290 4104 991
309 4053 359 4090 999.
379 4036 451 4104 Aup.
525 4034 659 4104 17919119
677 4035 706 4088 D
779 4037 811 4090 18
830 4035 904 4103 nam]
927 4035 955 4086 in
974 4037 1081 4086 tantum
1099 4033 1127 4087 in
1145 4033 1192 4086 illo
1210 4033 1305 4101 loseph

165 4122 275 4192 impleta
299 4137 350 4174 non
374 4125 414 4176 est
437 4121 533 4174 somnii
556 4121 635 4174 huius
653 4121 845 4189 interpretatio,
869 4123 901 4174 91
919 4125 1004 4174 mater
1026 4121 1108 4190 199199
1127 4125 1188 4174 9919
1207 4120 1306 4174 multos

165 4225 246 4263 annos
265 4208 371 4276 legatur
389 4208 471 4262 191999
490 4201 624 4270 defunctu,
643 4223 722 4276 quem
743 4207 863 4276 99991919
872 4209 983 4288 pomula
1005 4207 1049 4261 illc
1072 4207 1190 4260 uidisset.
1220 4210 1248 4259 91
1266 4225 1305 4259 99-

166 4313 226 4350 nere
245 4297 395 4366 991199.
449 4294 646 4350 29999991)
698 4295 938 4348 2299999991)
991 4297 1115 4362 2499919
1128 4278 1306 4362 1199911)

166 4383 217 4436 dixi
236 4401 373 4454 suprascr.
395 4384 422 4436 D
474 4385 508 4437 25
527 4381 621 4434 odorus
640 4381 669 4435 D
721 4383 755 4435 2ss
774 4381 978 4448 9999999191)
