3100 4892
245 428 288 492 76
704 426 726 479 I.
745 425 792 497 De
812 426 921 495 gratia

246 604 437 686 appetitus
466 604 546 667 eius
573 606 610 666 et
632 605 671 666 tu
694 598 947 665 dominaberis
970 600 1086 665 illius.
1125 600 1212 665 nulla
1235 600 1385 682 peccandi

245 708 432 772 necessitate
455 706 660 787 concluditur,
691 706 778 769 cuius
802 704 980 769 discretioni
1004 704 1220 784 committitur,
1251 708 1287 769 ut
1313 723 1385 788 pec-

244 816 314 876 cato
337 812 503 895 superioris
526 811 670 876 libertate
694 810 878 875 dominetur.
918 810 1053 893 degener
1076 827 1150 873 uero
1172 810 1308 889 auinaue,
1332 810 1386 891 qui

245 936 317 981 cum
344 914 496 981 beneficio
522 916 573 979 dei
599 916 638 979 de
664 921 792 999 peccato
819 917 925 999 potest
947 914 1113 979 uictoriam
1135 912 1294 995 consequi,
1319 932 1385 978 ma·

205 1048 219 1087 e
244 1022 315 1085 uult
336 1039 409 1085 cum
432 1020 552 1085 offensa
574 1019 624 1085 dei
647 1040 756 1086 seruus
781 1040 849 1085 esse
872 1017 1002 1103 peccati.

288 1125 374 1205 Quae
396 1144 469 1189 cnm
490 1125 535 1190 ita
557 1125 630 1205 siut,
652 1129 724 1208 post
745 1124 838 1208 primi
853 1124 988 1190 hominis
1004 1122 1304 1206 praeuaricationem
1324 1140 1386 1187 non

245 1247 329 1293 mors
352 1227 481 1309 arbitrii,
512 1229 567 1293 sed
589 1228 767 1310 infirmitas,
791 1246 849 1293 nec
871 1227 1108 1312 inpossibilitas,
1139 1226 1193 1291 sed
1216 1226 1385 1291 difficultas

244 1334 402 1418 proposito
431 1332 537 1399 labore
566 1334 726 1398 successit.
765 1333 820 1397 sed
851 1335 883 1396 et
904 1331 987 1396 Abel
1017 1330 1130 1395 diuinis
1160 1331 1283 1413 placere
1313 1349 1386 1396 con-

245 1437 402 1521 spectibus
424 1457 479 1520 per
501 1437 633 1502 insitum
656 1456 675 1501 a
697 1438 753 1503 deo
775 1436 963 1521 generaliter
982 1435 1111 1517 honum,
1134 1436 1165 1500 id
1181 1438 1230 1499 est
1244 1454 1300 1518 per
1315 1455 1386 1518 pro·

195 1570 219 1608 10
245 1544 331 1627 priae
354 1542 470 1607 meruit
492 1543 664 1607 uoluntatis
684 1543 844 1607 affectum.
883 1542 934 1607 hic
950 1558 1033 1625 ergo,
1056 1541 1105 1605 cui
1121 1558 1294 1624 cognomen
1311 1540 1386 1604 iusti

246 1647 453 1713 inmaculatae
476 1647 560 1711 uitae
582 1645 732 1730 perfectio
755 1646 851 1727 dedit,
881 1664 942 1728 quo
971 1645 1130 1710 erudiente
1158 1644 1295 1708 iustitiae
1319 1662 1386 1709 sec-

246 1755 327 1817 tator
343 1753 497 1833 eristeret,
521 1752 581 1815 nisi
597 1771 670 1815 eum
692 1753 741 1817 lor
764 1749 937 1815 uisceribus
959 1750 1110 1833 inscripta
1125 1748 1306 1813 docuisset?
1331 1754 1386 1813 aut

244 1856 328 1920 unde
350 1856 517 1938 placituras
538 1855 595 1919 deo
617 1855 737 1920 hostias
761 1859 794 1920 et
815 1874 870 1939 per
893 1855 1000 1939 ignem
1022 1854 1151 1918 caelitus
1175 1854 1386 1918 adsumendas

246 1961 284 2023 de
314 1959 457 2041 adipibus
481 1963 513 2024 et
534 1960 682 2042 primitiis
706 1960 818 2025 scisset
841 1959 965 2043 eligere,
996 1958 1056 2023 nisi
1086 1957 1174 2039 fides,
1205 1976 1284 2040 quae
1313 1976 1385 2021 eum

194 2091 219 2130 rs
245 2069 417 2129 amatorem
448 2064 603 2128 uirtutum
632 2065 759 2146 lecerat,
790 2064 985 2147 inspirasset,
1020 2064 1101 2127 sicut
1128 2062 1278 2147 legimus:
1309 2062 1385 2127 fide

245 2168 445 2252 plurimam
474 2167 636 2233 hostiam
667 2167 761 2233 Abel
792 2186 898 2250 quam
930 2167 1019 2233 Cain
1048 2166 1188 2231 obtulit
1218 2166 1386 2232 testimo-

246 2275 346 2338 nium
373 2271 595 2355 perhibente
618 2272 835 2337 muneribus
859 2272 938 2337 eius
962 2273 1036 2336 deo.
1076 2271 1157 2354 quod
1185 2289 1386 2354 nequaquam

245 2378 386 2443 obtinere
416 2378 579 2460 potuisset,
610 2378 670 2442 nisi
701 2378 739 2442 ad
769 2377 887 2442 domini
918 2377 1032 2441 donum
1063 2376 1174 2441 famuli
1201 2376 1386 2441 accessisset

245 2482 441 2564 obsequium.
466 2485 498 2546 et
519 2485 553 2546 tu
576 2482 654 2546 nihil
677 2500 749 2546 eum
772 2482 964 2546 ordinatione
985 2480 1034 2545 dei
1049 2480 1163 2545 habere
1179 2481 1299 2544 iudicas
1315 2498 1386 2564 pro-

193 2614 219 2653 ω
244 2588 358 2668 prium,
374 2587 461 2650 cuius
477 2586 633 2651 deuotioni
649 2586 724 2651 deus
739 2586 883 2669 perhibet
898 2585 1133 2651 testimonium?
1160 2585 1247 2649 uides
1267 2585 1387 2650 bonum

246 2691 436 2755 credulitatis
460 2710 522 2755 non
544 2692 704 2756 nouellum
733 2711 801 2755 esse
824 2690 1036 2773 priuilegium,
1065 2690 1120 2754 sed
1147 2692 1322 2770 uetustum,
1355 2693 1388 2753 et

244 2796 326 2859 iuter
351 2796 420 2876 ipsa
446 2795 553 2859 muudi
583 2795 787 2861 coalescentis
818 2795 941 2860 exordia
969 2798 1110 2859 mentem
1138 2795 1272 2859 hominis
1304 2794 1387 2859 sicut

245 2899 406 2963 intellectu
432 2902 524 2980 atque
546 2900 667 2964 ratione
695 2900 740 2964 ita
762 2900 855 2964 etiam
879 2899 940 2964 fide
963 2918 982 2963 a
1004 2918 1127 2965 summo
1150 2902 1275 2963 auctore
1298 2899 1388 2963 dota-

246 3006 334 3067 tam?
367 3003 472 3085 itaquo
491 3004 555 3067 iam
574 3007 643 3067 tum
665 3004 751 3069 dedit
773 3005 896 3068 animae
918 3004 1060 3069 notitiam
1083 3022 1184 3084 suam,
1209 3003 1333 3085 quando
1357 3004 1386 3068 ei

194 3134 220 3174 es
246 3106 442 3173 committere
465 3107 611 3191 dignatus
635 3112 683 3173 est
704 3108 874 3193 imaginem
898 3127 997 3173 suam.

762 3368 866 3433 VIIII.

246 3511 290 3551 ΔΙ)
311 3510 402 3552 colos
422 3510 579 3553 taedulum(
599 3514 639 3553 ΕΤ
659 3512 899 3555 slulhluunlrlml
918 3512 1033 3554 Patulus
1053 3514 1140 3555 HOMO
1157 3512 1205 3553 sl'r
1220 3512 1385 3555 connisus,

290 3626 348 3693 Sed
372 3628 463 3692 dicis:
489 3628 562 3711 quid
584 3629 659 3693 mihi
683 3630 721 3694 ad
744 3630 922 3694 libertatem
946 3630 1063 3695 arbitrii
1085 3630 1188 3714 iungis
1212 3630 1386 3713 imaginem

247 3732 305 3814 dei,
329 3751 401 3797 cum
424 3732 477 3797 ille
500 3734 630 3798 eximius
653 3734 791 3799 conditor
811 3735 935 3799 futurus
956 3735 1107 3799 secuturis
1131 3734 1263 3799 saeculis
1285 3737 1317 3798 et
1335 3754 1386 3799 re·

351 3920 495 3991 151H0tr.
516 3925 556 3988 11,
568 3926 593 3979 r.

290 4088 441 4158 lapetitus
459 4088 487 4143 P
554 4086 752 4143 2discretione
770 4090 799 4144 P
866 4090 1077 4159 3superiorec
1145 4088 1340 4145 lbeneficium
1358 4092 1387 4146 P

247 4205 280 4258 10
298 4202 341 4255 cui
357 4201 543 4272 ereprosch¹
598 4202 630 4257 13
648 4199 859 4259 absumendaso
913 4205 944 4259 14
963 4203 1057 4257 sciscat
1073 4205 1101 4257 P
1151 4206 1185 4258 20
1204 4162 1345 4258 deuotione¹
1358 4206 1387 4260 P

247 4288 311 4341 deus
328 4290 436 4359 scripsi,
459 4288 502 4341 dei
524 4289 552 4344 P
602 4290 635 4343 22
658 4288 824 4343 coaliscentis
847 4292 874 4345 P
924 4292 959 4345 23
981 4289 1082 4359 adquae
1101 4292 1128 4345 P
1178 4293 1213 4347 24
1235 4290 1340 4360 itaquae
1358 4292 1387 4346 P

246 4378 281 4431 25
305 4376 462 4429 conmittere
480 4375 507 4431 P
557 4378 592 4433 29
610 4383 749 4431 secuturus
766 4378 794 4433 P
