3100 4892
249 419 292 482 30
588 379 591 384 Α
711 419 731 472 Ι.
751 419 796 471 De
814 420 923 487 gratia

249 596 436 676 depracatus
460 595 630 676 adpeteret,
654 596 686 659 in
707 594 828 658 arbitrii
844 595 988 659 libertate
1004 596 1194 678 permissum
1210 595 1269 659 sibi
1285 596 1388 675 sciret,

247 699 339 762 licere
363 699 507 778 nesciret,
532 700 557 762 si
582 703 688 763 antem
710 699 829 763 bonum
846 703 981 782 cuperet,
1006 700 1160 763 actionem
1177 703 1210 763 et
1223 700 1389 786 perfectio-

248 822 321 867 nem
344 803 411 866 eius
433 822 452 867 a
474 804 634 868 conditore
657 802 847 885 deposceret,
871 803 909 867 ad
932 804 1110 867 mercedem
1131 822 1204 868 uero
1220 804 1305 867 illius
1321 804 1389 867 offi-

153 896 157 907 ’
248 908 332 971 ciosa
358 908 481 971 deuotio
504 908 684 990 pertineret.
724 912 755 971 et
785 908 853 971 ideo
884 908 1018 971 hominis
1047 908 1197 972 formator
1227 912 1258 973 et
1288 913 1388 973 rector

208 1028 220 1067 ⁶
248 1010 348 1075 bonae
371 1011 545 1075 uoluntatis
568 1012 687 1075 homini
711 1011 874 1094 deputauit
896 1028 1000 1090 usum,
1024 1012 1084 1075 sibi
1103 1013 1277 1076 reseruauit
1297 1012 1388 1076 effec-

247 1120 326 1179 tum.
358 1134 420 1179 non
445 1110 518 1203 orgo
541 1133 677 1197 aequum
700 1116 880 1196 iustumque
904 1116 957 1180 uni
975 1116 1055 1179 uelle
1072 1116 1228 1187 concessit
1251 1119 1283 1179 et
1298 1117 1388 1179 alteri

248 1219 425 1301 denegauit,
453 1218 508 1281 sed
531 1219 611 1282 sicut
632 1219 718 1283 omni
741 1218 861 1282 homini
883 1236 1011 1283 manum
1035 1221 1158 1283 oculum
1182 1238 1388 1303 gressumque
1497 1234 1503 1242 ·

248 1324 386 1401 donauit,
410 1323 454 1386 ita
476 1322 622 1386 similiter
644 1323 730 1391 omni
745 1323 864 1387 homini
879 1323 1086 1403 uoluntatem,
1109 1328 1144 1387 ut
1161 1342 1230 1387 eam
1246 1324 1279 1387 in
1295 1342 1388 1405 quas·

152 1422 161 1504 ,¹
247 1426 326 1491 libet
354 1430 460 1509 partes
492 1430 641 1505 uersarct,
672 1427 812 1491 indulsit.
851 1428 972 1501 iustitia
1002 1446 1074 1511 ergo
1104 1429 1136 1496 in
1167 1428 1295 1492 homine
1326 1446 1387 1492 non

146 1531 151 1580 t
197 1548 221 1585 n
247 1531 428 1614 personale,
462 1531 515 1594 sed
545 1532 691 1614 generale
718 1534 749 1595 et
774 1530 935 1612 publicum
966 1530 1015 1595 dei
1046 1550 1161 1596 munus
1190 1536 1246 1597 est.
1283 1532 1386 1596 aditus

247 1634 456 1718 capessendae
480 1635 590 1699 salutis
614 1636 703 1717 qnasi
726 1635 797 1699 fons
813 1636 939 1717 quidam
962 1636 993 1698 in
1016 1636 1154 1699 medinm
1171 1636 1279 1700 mundi
1294 1636 1386 1699 huius

248 1741 406 1823 expositus
429 1743 461 1803 et
484 1739 515 1803 in
539 1757 704 1804 commune
732 1758 899 1803 concessus
929 1740 969 1803 cd
996 1740 1203 1804 hauriendum
1232 1740 1386 1804 uniuersis

247 1848 344 1927 petet,
368 1847 404 1907 ut
425 1844 565 1927 largitori
587 1844 698 1907 merito
722 1862 794 1907 reus
818 1845 869 1923 sit,
893 1844 946 1924 qni
969 1844 1093 1907 haurire
1118 1844 1299 1926 neglexerit.

290 1947 445 2012 Omnibus
468 1948 574 2028 itaque
598 1946 739 2011 oblatum
763 1950 822 2027 est,
845 1948 927 2028 quod
943 1946 981 2011 ab
997 1946 1144 2011 omnibus
1159 1948 1385 2030 reposcendum

196 2066 220 2105 1⁵
248 2056 305 2116 est.
344 2070 417 2115 nam
445 2052 471 2114 si
499 2052 579 2114 circa
609 2052 755 2131 hominis,
786 2054 821 2114 ut
850 2051 966 2132 dieunt,
998 2052 1132 2115 salutem
1163 2052 1307 2134 specialis
1339 2054 1386 2115 est

247 2156 447 2238 dispensatio,
478 2156 581 2219 nescio
612 2154 766 2237 quomodo
796 2156 951 2238 generalis
981 2157 1097 2237 poterit
1124 2174 1192 2219 esse
1223 2155 1384 2219 discussio.

247 2261 302 2324 sed
324 2278 396 2323 cum
420 2260 519 2322 dicat:
543 2276 668 2323 omnes
691 2277 756 2322 nos
781 2259 1018 2323 manifestari
1041 2264 1190 2341 oportet
1213 2263 1298 2323 ante
1321 2260 1386 2323 tri-

246 2363 359 2427 bunal
391 2364 464 2441 dei,
497 2381 559 2427 non
590 2381 660 2427 eam
691 2362 730 2426 ab
761 2362 908 2427 omnibus
938 2362 1118 2427 terribiliter
1149 2364 1295 2446 exigeret,
1327 2364 1386 2427 nisi

247 2467 392 2532 omnibus
416 2468 654 2533 misericorditer
676 2467 852 2531 obtulisset.
891 2468 988 2551 igitur
1013 2470 1044 2532 in
1071 2470 1233 2551 procinctu
1257 2468 1386 2531 militiae

194 2586 220 2624 2⁰
246 2573 451 2636 constitutum
479 2573 524 2636 ita
553 2572 712 2654 apostolus
742 2572 943 2636 adhortatur:
973 2572 1102 2635 labora
1131 2573 1237 2653 quasi
1269 2572 1386 2635 bonus

246 2678 355 2740 miles
380 2675 532 2740 Christi.
570 2694 675 2739 nemo
698 2676 869 2740 militans
894 2676 958 2739 deo
981 2677 1138 2759 inplicat
1160 2694 1197 2740 se
1221 2676 1386 2758 negotiis

246 2780 523 2859 saecularibus,
546 2784 586 2844 ut
608 2781 640 2843 ei
662 2781 825 2863 placeat,
850 2781 908 2844 cui
932 2800 968 2844 se
992 2780 1178 2864 probauit.
1218 2798 1299 2844 nam
1324 2780 1386 2862 qui

246 2886 283 2948 in
307 2901 423 2968 agone
446 2884 653 2963 contendit,
677 2902 748 2948 non
770 2888 987 2964 coronatur,
1015 2885 1089 2949 nisi
1115 2885 1284 2967 legitime
1311 2902 1387 2948 cer-

247 2988 608 3067 taue1·it,etiterum:
638 2988 872 3052 laborantem
900 2989 1103 3071 agricolam
1134 2992 1283 3070 oportet
1314 2988 1387 3070 pri-

193 3104 220 3143 ²⁶
246 3110 343 3155 mum
367 3091 408 3154 de
431 3091 618 3154 fructibus
641 3092 819 3174 accipere.
860 3093 931 3155 audi
959 3096 991 3156 et
1021 3092 1082 3156 alio
1112 3093 1179 3156 loeo
1208 3093 1386 3173 apostolum

246 3214 309 3259 non
331 3198 387 3258 tua
408 3196 472 3258 otia
493 3194 742 3276 praedicantem:
767 3195 809 3258 de
832 3200 969 3275 cetero,
993 3196 1102 3277 inquit,
1126 3195 1280 3275 fratrea,
1304 3214 1387 3259 con-

246 3300 441 3363 fortamini
465 3300 501 3362 in
524 3299 669 3362 domino
698 3304 734 3362 et
755 3300 792 3363 in
815 3301 987 3381 potentia
1016 3301 1173 3363 uirtutis
1206 3301 1295 3363 eius.
1334 3300 1387 3363 in-

247 3404 349 3466 duite
372 3421 436 3466 uos
460 3406 650 3465 armatura
672 3403 743 3482 dei,
766 3408 806 3467 ut
825 3403 982 3485 possitis
1006 3407 1107 3467 stare
1131 3403 1311 3468 aduersus
1335 3404 1388 3466 in-

247 3507 365 3571 sidias
381 3506 531 3571 diaboli.
560 3507 645 3588 quia
666 3525 736 3570 non
753 3506 930 3570 estnobis
950 3507 1183 3571 conluctatio
1204 3507 1387 3571 aduersus

194 3630 221 3669 so
248 3629 397 3675 carnem
420 3614 456 3674 et
478 3612 714 3693 sanguinem,
745 3612 808 3673 sed
840 3611 1021 3674 aduersus
1051 3606 1241 3695 principes
1270 3616 1306 3675 et
1327 3630 1388 3694 po-

246 3718 421 3793 testates,
445 3715 625 3778 aduersus
649 3714 776 3777 mundi
798 3718 965 3778 rectores
988 3716 1228 3779 tenebrarum
1245 3716 1387 3795 harum,

352 3921 586 3990 macerare.
631 3920 788 3991 amarini.
799 3924 822 3984 2,
834 3922 857 3975 3.
903 3921 1059 3989 adarim.
1071 3926 1094 3987 2,
1105 3926 1129 3978 6.
1172 3922 1218 3993 26]
1231 3922 1298 3992 Eph.
1313 3926 1387 3987 6,10.

290 4094 492 4160 dicatumquae
511 4096 538 4149 P
606 4093 805 4162 7deuaeganit
828 4096 854 4148 P
921 4110 1109 4163 gressumquae
1133 4098 1161 4151 P
1228 4100 1343 4165 oporte
1362 4098 1391 4152 P

247 4180 393 4251 quamlibet
410 4184 547 4249 partemo
619 4183 648 4236 ll
669 4179 825 4248 capisendae
844 4182 871 4235 P
935 4184 966 4235 12
985 4182 1113 4237 auriendd
1134 4183 1161 4236 P
1226 4186 1258 4238 13
1276 4184 1389 4239 meritur

247 4269 303 4321 eius
323 4268 349 4321 P
393 4268 457 4334 quia
474 4268 560 4321 aurire
579 4268 607 4321 P
653 4270 685 4322 18
703 4266 903 4320 terrebiliterP
949 4274 1068 4335 exegerat
1087 4271 1114 4322 P
1162 4272 1193 4325 19
1210 4270 1391 4337 procinctoP

247 4357 424 4410 22nameto
459 4352 689 4421 24agricnlamP
727 4355 761 4407 25
771 4352 803 4405 de
813 4370 885 4423 open
924 4356 1164 4411 28ermaturcmo
1204 4356 1392 4411 29diabuliP
