<?xml version="1.0" encoding="UTF-8"?>
<!DOCTYPE html PUBLIC "-//W3C//DTD XHTML 1.0 Transitional//EN"
    "http://www.w3.org/TR/xhtml1/DTD/xhtml1-transitional.dtd">
<html xmlns="http://www.w3.org/1999/xhtml" xml:lang="en" lang="en">
 <head>
  <title>
</title>
<meta http-equiv="Content-Type" content="text/html;charset=utf-8" />
  <meta name='ocr-system' content='tesseract 3.04.00' />
  <meta name='ocr-capabilities' content='ocr_page ocr_carea ocr_par ocr_line ocrx_word'/>
</head>
<body>
  <div class='ocr_page' id='page_1' title='image "./corpusscriptoru19wiengoog_0425.png"; bbox 0 0 3100 4892; ppageno 0'>
   <div class='ocr_carea' id='block_1_1' title="bbox 619 439 1314 506">
    <p class='ocr_par' dir='ltr' id='par_1_1' title="bbox 619 439 1314 506">
     <span class='ocr_line' id='line_1_1' title="bbox 619 439 1314 506; baseline -0.004 -6"><span class='ocrx_word' id='word_1_1' title='bbox 619 444 685 500; x_wconf 91' lang='lat'>1111.</span> <span class='ocrx_word' id='word_1_2' title='bbox 705 445 813 498; x_wconf 88' lang='lat' dir='ltr'><strong>Sermo</strong></span> <span class='ocrx_word' id='word_1_3' title='bbox 831 447 873 500; x_wconf 78' lang='lat'><strong>29.</strong></span> <span class='ocrx_word' id='word_1_4' title='bbox 1250 439 1314 506; x_wconf 81' lang='lat'><strong>339</strong></span> 
     </span>
    </p>
   </div>
   <div class='ocr_carea' id='block_1_2' title="bbox 165 615 1448 2894">
    <p class='ocr_par' dir='ltr' id='par_1_2' title="bbox 165 615 1448 2894">
     <span class='ocr_line' id='line_1_2' title="bbox 176 615 1314 704; baseline -0.005 -20"><span class='ocrx_word' id='word_1_5' title='bbox 176 639 273 704; x_wconf 87' lang='lat' dir='ltr'><strong>supra</strong></span> <span class='ocrx_word' id='word_1_6' title='bbox 294 621 430 686; x_wconf 88' lang='lat' dir='ltr'><strong>hominis</strong></span> <span class='ocrx_word' id='word_1_7' title='bbox 445 620 653 685; x_wconf 89' lang='lat' dir='ltr'><strong>conditionem</strong></span> <span class='ocrx_word' id='word_1_8' title='bbox 668 620 821 684; x_wconf 89' lang='lat' dir='ltr'><strong>uirtutum</strong></span> <span class='ocrx_word' id='word_1_9' title='bbox 836 619 970 702; x_wconf 83' lang='lat' dir='ltr'><strong>gratiam</strong></span> <span class='ocrx_word' id='word_1_10' title='bbox 985 617 1152 700; x_wconf 87' lang='lat' dir='ltr'><strong>postulare.</strong></span> <span class='ocrx_word' id='word_1_11' title='bbox 1186 615 1314 681; x_wconf 91' lang='lat' dir='ltr'><strong>humilis</strong></span> 
     </span>
     <span class='ocr_line' id='line_1_3' title="bbox 174 722 1313 808; baseline -0.006 -19"><span class='ocrx_word' id='word_1_12' title='bbox 174 725 291 808; x_wconf 88' lang='lat' dir='ltr'><strong>quippe</strong></span> <span class='ocrx_word' id='word_1_13' title='bbox 321 743 389 789; x_wconf 90' lang='lat' dir='ltr'><strong>esse</strong></span> <span class='ocrx_word' id='word_1_14' title='bbox 419 723 513 789; x_wconf 88' lang='lat' dir='ltr'><strong>debet</strong></span> <span class='ocrx_word' id='word_1_15' title='bbox 542 725 680 789; x_wconf 89' lang='lat' dir='ltr'><strong>humana</strong></span> <span class='ocrx_word' id='word_1_16' title='bbox 709 723 927 805; x_wconf 69' lang='lat' dir='ltr'>interpellatio,</span> <span class='ocrx_word' id='word_1_17' title='bbox 960 739 1021 786; x_wconf 89' lang='lat' dir='ltr'><strong>non</strong></span> <span class='ocrx_word' id='word_1_18' title='bbox 1044 722 1313 804; x_wconf 87' lang='lat' dir='ltr'><strong>praesumptuosa,</strong></span> 
     </span>
     <span class='ocr_line' id='line_1_4' title="bbox 174 823 1313 912; baseline -0.007 -18"><span class='ocrx_word' id='word_1_19' title='bbox 174 830 313 895; x_wconf 87' lang='lat' dir='ltr'><strong>salutem</strong></span> <span class='ocrx_word' id='word_1_20' title='bbox 342 833 466 894; x_wconf 86' lang='lat' dir='ltr'><strong>tantum</strong></span> <span class='ocrx_word' id='word_1_21' title='bbox 488 829 662 912; x_wconf 88' lang='lat' dir='ltr'><strong>postulans,</strong></span> <span class='ocrx_word' id='word_1_22' title='bbox 692 846 754 892; x_wconf 91' lang='lat' dir='ltr'><strong>noo</strong></span> <span class='ocrx_word' id='word_1_23' title='bbox 777 828 961 893; x_wconf 87' lang='lat' dir='ltr'><strong>uanitatem.</strong></span> <span class='ocrx_word' id='word_1_24' title='bbox 1007 844 1079 890; x_wconf 91' lang='lat' dir='ltr'><strong>cum</strong></span> <span class='ocrx_word' id='word_1_25' title='bbox 1102 825 1186 890; x_wconf 90' lang='lat' dir='ltr'><strong>enim</strong></span> <span class='ocrx_word' id='word_1_26' title='bbox 1208 823 1313 888; x_wconf 91' lang='lat' dir='ltr'><strong>nullus</strong></span> 
     </span>
     <span class='ocr_line' id='line_1_5' title="bbox 173 930 1314 1017; baseline -0.007 -18"><span class='ocrx_word' id='word_1_27' title='bbox 173 933 270 998; x_wconf 87' lang='lat' dir='ltr'><strong>homo</strong></span> <span class='ocrx_word' id='word_1_28' title='bbox 301 937 388 998; x_wconf 83' lang='lat' dir='ltr'><strong>extra</strong></span> <span class='ocrx_word' id='word_1_29' title='bbox 417 937 580 1017; x_wconf 90' lang='lat' dir='ltr'><strong>peccatum</strong></span> <span class='ocrx_word' id='word_1_30' title='bbox 611 951 680 997; x_wconf 88' lang='lat' dir='ltr'><strong>esse</strong></span> <span class='ocrx_word' id='word_1_31' title='bbox 709 933 818 1015; x_wconf 84' lang='lat' dir='ltr'><strong>possit,</strong></span> <span class='ocrx_word' id='word_1_32' title='bbox 848 949 928 1014; x_wconf 88' lang='lat' dir='ltr'><strong>quae</strong></span> <span class='ocrx_word' id='word_1_33' title='bbox 956 930 1149 1014; x_wconf 89' lang='lat' dir='ltr'><strong>impudentia</strong></span> <span class='ocrx_word' id='word_1_34' title='bbox 1172 933 1314 993; x_wconf 84' lang='lat' dir='ltr'><strong>osteum</strong></span> 
     </span>
     <span class='ocr_line' id='line_1_6' title="bbox 173 1036 1366 1122; baseline -0.006 -19"><span class='ocrx_word' id='word_1_35' title='bbox 173 1039 309 1103; x_wconf 87' lang='lat' dir='ltr'><strong>uirtutes</strong></span> <span class='ocrx_word' id='word_1_36' title='bbox 338 1041 453 1122; x_wconf 89' lang='lat' dir='ltr'><strong>petere,</strong></span> <span class='ocrx_word' id='word_1_37' title='bbox 485 1038 540 1120; x_wconf 89' lang='lat' dir='ltr'><strong>qni</strong></span> <span class='ocrx_word' id='word_1_38' title='bbox 569 1038 671 1103; x_wconf 86' lang='lat' dir='ltr'><strong>adhuc</strong></span> <span class='ocrx_word' id='word_1_39' title='bbox 700 1037 738 1100; x_wconf 95' lang='lat' dir='ltr'><strong>de</strong></span> <span class='ocrx_word' id='word_1_40' title='bbox 764 1037 858 1101; x_wconf 89' lang='lat' dir='ltr'><strong>uenia</strong></span> <span class='ocrx_word' id='word_1_41' title='bbox 881 1036 1070 1120; x_wconf 90' lang='lat' dir='ltr'><strong>adplenum</strong></span> <span class='ocrx_word' id='word_1_42' title='bbox 1094 1053 1221 1099; x_wconf 89' lang='lat' dir='ltr'><strong>securus</strong></span> <span class='ocrx_word' id='word_1_43' title='bbox 1245 1052 1313 1098; x_wconf 89' lang='lat' dir='ltr'><strong>esse</strong></span> <span class='ocrx_word' id='word_1_44' title='bbox 1352 1055 1366 1096; x_wconf 80' lang='lat' dir='ltr'><strong>o</strong></span> 
     </span>
     <span class='ocr_line' id='line_1_7' title="bbox 174 1139 1314 1226; baseline -0.004 -20"><span class='ocrx_word' id='word_1_45' title='bbox 174 1159 240 1208; x_wconf 90' lang='lat' dir='ltr'><strong>non</strong></span> <span class='ocrx_word' id='word_1_46' title='bbox 270 1144 392 1226; x_wconf 77' lang='lat' dir='ltr'><strong>possit?</strong></span> <span class='ocrx_word' id='word_1_47' title='bbox 437 1141 552 1207; x_wconf 89' lang='lat' dir='ltr'><strong>sufficit</strong></span> <span class='ocrx_word' id='word_1_48' title='bbox 583 1160 656 1225; x_wconf 85' lang='lat' dir='ltr'><strong>ergo</strong></span> <span class='ocrx_word' id='word_1_49' title='bbox 687 1141 807 1207; x_wconf 90' lang='lat' dir='ltr'><strong>homini</strong></span> <span class='ocrx_word' id='word_1_50' title='bbox 835 1139 1079 1205; x_wconf 88' lang='lat' dir='ltr'><strong>misericordiam</strong></span> <span class='ocrx_word' id='word_1_51' title='bbox 1106 1139 1222 1202; x_wconf 87' lang='lat' dir='ltr'><strong>domini</strong></span> <span class='ocrx_word' id='word_1_52' title='bbox 1243 1156 1314 1220; x_wconf 83' lang='lat' dir='ltr'><strong>pro-</strong></span> 
     </span>
     <span class='ocr_line' id='line_1_8' title="bbox 174 1241 1448 1326; baseline -0.005 -15"><span class='ocrx_word' id='word_1_53' title='bbox 174 1248 300 1311; x_wconf 86' lang='lat' dir='ltr'><strong>mereri.</strong></span> <span class='ocrx_word' id='word_1_54' title='bbox 339 1248 509 1311; x_wconf 85' lang='lat' dir='ltr'><strong>maximam</strong></span> <span class='ocrx_word' id='word_1_55' title='bbox 532 1265 565 1309; x_wconf 92' lang='lat' dir='ltr'><strong>se</strong></span> <span class='ocrx_word' id='word_1_56' title='bbox 581 1264 599 1310; x_wconf 90' lang='lat' dir='ltr'><strong>a</strong></span> <span class='ocrx_word' id='word_1_57' title='bbox 614 1246 671 1310; x_wconf 87' lang='lat' dir='ltr'><strong>deo</strong></span> <span class='ocrx_word' id='word_1_58' title='bbox 694 1245 867 1309; x_wconf 78' lang='lat' dir='ltr'><strong>obtinuisse</strong></span> <span class='ocrx_word' id='word_1_59' title='bbox 889 1245 1041 1308; x_wconf 85' lang='lat' dir='ltr'><strong>uirtutum</strong></span> <span class='ocrx_word' id='word_1_60' title='bbox 1064 1242 1200 1326; x_wconf 81' lang='lat' dir='ltr'><strong>gratiam</strong></span> <span class='ocrx_word' id='word_1_61' title='bbox 1222 1241 1315 1308; x_wconf 92' lang='lat' dir='ltr'><strong>debet</strong></span> <span class='ocrx_word' id='word_1_62' title='bbox 1442 1301 1448 1316; x_wconf 84' lang='grc'>,</span> 
     </span>
     <span class='ocr_line' id='line_1_9' title="bbox 173 1347 1314 1434; baseline -0.004 -20"><span class='ocrx_word' id='word_1_63' title='bbox 173 1351 312 1431; x_wconf 87' lang='lat' dir='ltr'><strong>credere,</strong></span> <span class='ocrx_word' id='word_1_64' title='bbox 326 1352 389 1433; x_wconf 64' lang='lat' dir='ltr'><strong>&#39;qui</strong></span> <span class='ocrx_word' id='word_1_65' title='bbox 409 1350 544 1434; x_wconf 90' lang='lat' dir='ltr'><strong>potuerit</strong></span> <span class='ocrx_word' id='word_1_66' title='bbox 566 1351 605 1414; x_wconf 92' lang='lat' dir='ltr'><strong>ad</strong></span> <span class='ocrx_word' id='word_1_67' title='bbox 626 1350 853 1433; x_wconf 79' lang='lat' dir='ltr'><strong>indulgentiam</strong></span> <span class='ocrx_word' id='word_1_68' title='bbox 876 1347 1048 1432; x_wconf 87' lang='lat' dir='ltr'><strong>peruenire.</strong></span> <span class='ocrx_word' id='word_1_69' title='bbox 1087 1347 1139 1428; x_wconf 92' lang='lat' dir='ltr'><strong>qui</strong></span> <span class='ocrx_word' id='word_1_70' title='bbox 1159 1347 1242 1411; x_wconf 89' lang='lat' dir='ltr'><strong>enim</strong></span> <span class='ocrx_word' id='word_1_71' title='bbox 1258 1347 1314 1410; x_wconf 87' lang='lat' dir='ltr'><strong>ali·</strong></span> 
     </span>
     <span class='ocr_line' id='line_1_10' title="bbox 171 1450 1313 1538; baseline -0.004 -20"><span class='ocrx_word' id='word_1_72' title='bbox 171 1455 251 1537; x_wconf 87' lang='lat' dir='ltr'><strong>quid</strong></span> <span class='ocrx_word' id='word_1_73' title='bbox 273 1459 532 1538; x_wconf 90' lang='lat' dir='ltr'><strong>praesumptuose</strong></span> <span class='ocrx_word' id='word_1_74' title='bbox 554 1454 691 1537; x_wconf 90' lang='lat' dir='ltr'><strong>petierit,</strong></span> <span class='ocrx_word' id='word_1_75' title='bbox 713 1454 772 1518; x_wconf 90' lang='lat' dir='ltr'><strong>hoc</strong></span> <span class='ocrx_word' id='word_1_76' title='bbox 794 1454 862 1536; x_wconf 92' lang='lat' dir='ltr'><strong>ipso</strong></span> <span class='ocrx_word' id='word_1_77' title='bbox 885 1453 989 1517; x_wconf 92' lang='lat' dir='ltr'><strong>minus</strong></span> <span class='ocrx_word' id='word_1_78' title='bbox 1013 1454 1149 1516; x_wconf 88' lang='lat' dir='ltr'><strong>meretur</strong></span> <span class='ocrx_word' id='word_1_79' title='bbox 1164 1450 1313 1534; x_wconf 86' lang='lat' dir='ltr'><strong>accipere,</strong></span> 
     </span>
     <span class='ocr_line' id='line_1_11' title="bbox 171 1556 1366 1643; baseline -0.005 -21"><span class='ocrx_word' id='word_1_80' title='bbox 171 1559 201 1622; x_wconf 91' lang='lat' dir='ltr'><strong>si</strong></span> <span class='ocrx_word' id='word_1_81' title='bbox 233 1559 344 1624; x_wconf 88' lang='lat' dir='ltr'><strong>altiora</strong></span> <span class='ocrx_word' id='word_1_82' title='bbox 372 1559 618 1643; x_wconf 81' lang='lat' dir='ltr'><strong>praesumpserit</strong></span> <span class='ocrx_word' id='word_1_83' title='bbox 645 1558 813 1642; x_wconf 85' lang='lat' dir='ltr'><strong>postulare.</strong></span> <span class='ocrx_word' id='word_1_84' title='bbox 860 1557 921 1621; x_wconf 94' lang='lat' dir='ltr'><strong>huc</strong></span> <span class='ocrx_word' id='word_1_85' title='bbox 950 1558 1079 1638; x_wconf 89' lang='lat' dir='ltr'><strong>aceedit,</strong></span> <span class='ocrx_word' id='word_1_86' title='bbox 1111 1557 1193 1640; x_wconf 89' lang='lat' dir='ltr'><strong>quod</strong></span> <span class='ocrx_word' id='word_1_87' title='bbox 1219 1556 1313 1621; x_wconf 94' lang='lat' dir='ltr'><strong>homo</strong></span> <span class='ocrx_word' id='word_1_88' title='bbox 1340 1575 1366 1616; x_wconf 84' lang='grc' dir='ltr'><strong>ιο</strong></span> 
     </span>
     <span class='ocr_line' id='line_1_12' title="bbox 170 1653 1314 1747; baseline -0.002 -20"><span class='ocrx_word' id='word_1_89' title='bbox 170 1664 331 1727; x_wconf 80' lang='lat' dir='ltr'><strong>uiututum</strong></span> <span class='ocrx_word' id='word_1_90' title='bbox 353 1664 488 1747; x_wconf 81' lang='lat' dir='ltr'><strong>gratiam</strong></span> <span class='ocrx_word' id='word_1_91' title='bbox 508 1666 629 1746; x_wconf 90' lang='lat' dir='ltr'><strong>petens,</strong></span> <span class='ocrx_word' id='word_1_92' title='bbox 652 1663 679 1726; x_wconf 92' lang='lat' dir='ltr'><strong>si</strong></span> <span class='ocrx_word' id='word_1_93' title='bbox 701 1681 764 1727; x_wconf 93' lang='lat' dir='ltr'><strong>non</strong></span> <span class='ocrx_word' id='word_1_94' title='bbox 786 1661 950 1728; x_wconf 80' lang='lat' dir='ltr'><strong>offenderit</strong></span> <span class='ocrx_word' id='word_1_95' title='bbox 972 1653 1065 1728; x_wconf 80' lang='lat' dir='ltr'><strong>deum</strong></span> <span class='ocrx_word' id='word_1_96' title='bbox 1080 1680 1208 1745; x_wconf 90' lang='lat' dir='ltr'><strong>precum</strong></span> <span class='ocrx_word' id='word_1_97' title='bbox 1224 1678 1314 1744; x_wconf 90' lang='lat' dir='ltr'><strong>prae·</strong></span> 
     </span>
     <span class='ocr_line' id='line_1_13' title="bbox 169 1766 1314 1852; baseline -0.003 -19"><span class='ocrx_word' id='word_1_98' title='bbox 169 1769 365 1852; x_wconf 86' lang='lat' dir='ltr'><strong>sumptione,</strong></span> <span class='ocrx_word' id='word_1_99' title='bbox 387 1767 555 1851; x_wconf 87' lang='lat' dir='ltr'><strong>periclitari</strong></span> <span class='ocrx_word' id='word_1_100' title='bbox 576 1770 682 1832; x_wconf 75' lang='lat' dir='ltr'><strong>mmen</strong></span> <span class='ocrx_word' id='word_1_101' title='bbox 704 1768 819 1850; x_wconf 84' lang='lat' dir='ltr'><strong>poterit</strong></span> <span class='ocrx_word' id='word_1_102' title='bbox 840 1767 989 1831; x_wconf 90' lang='lat' dir='ltr'><strong>uanitate.</strong></span> <span class='ocrx_word' id='word_1_103' title='bbox 1025 1785 1087 1832; x_wconf 90' lang='lat' dir='ltr'><strong>nou</strong></span> <span class='ocrx_word' id='word_1_104' title='bbox 1110 1767 1194 1832; x_wconf 89' lang='lat' dir='ltr'><strong>enim</strong></span> <span class='ocrx_word' id='word_1_105' title='bbox 1214 1766 1314 1830; x_wconf 92' lang='lat' dir='ltr'><strong>omni·</strong></span> 
     </span>
     <span class='ocr_line' id='line_1_14' title="bbox 169 1871 1439 1955; baseline -0.002 -19"><span class='ocrx_word' id='word_1_106' title='bbox 169 1871 234 1936; x_wconf 89' lang='lat' dir='ltr'><strong>bns</strong></span> <span class='ocrx_word' id='word_1_107' title='bbox 266 1871 392 1955; x_wconf 86' lang='lat' dir='ltr'><strong>expedit</strong></span> <span class='ocrx_word' id='word_1_108' title='bbox 421 1871 662 1936; x_wconf 84' lang='lat' dir='ltr'><strong>exercendarum</strong></span> <span class='ocrx_word' id='word_1_109' title='bbox 692 1872 846 1935; x_wconf 88' lang='lat' dir='ltr'><strong>uirtutum</strong></span> <span class='ocrx_word' id='word_1_110' title='bbox 869 1871 1003 1954; x_wconf 82' lang='lat' dir='ltr'><strong>gratiam</strong></span> <span class='ocrx_word' id='word_1_111' title='bbox 1025 1871 1194 1954; x_wconf 87' lang='lat' dir='ltr'><strong>possidere.</strong></span> <span class='ocrx_word' id='word_1_112' title='bbox 1240 1873 1314 1934; x_wconf 92' lang='lat' dir='ltr'><strong>eunt</strong></span> <span class='ocrx_word' id='word_1_113' title='bbox 1431 1925 1439 1948; x_wconf 81' lang='lat'>,</span> 
     </span>
     <span class='ocr_line' id='line_1_15' title="bbox 170 1975 1313 2059; baseline -0.002 -19"><span class='ocrx_word' id='word_1_114' title='bbox 170 1976 262 2040; x_wconf 90' lang='lat' dir='ltr'><strong>enim</strong></span> <span class='ocrx_word' id='word_1_115' title='bbox 280 1976 415 2058; x_wconf 89' lang='lat' dir='ltr'><strong>potiores</strong></span> <span class='ocrx_word' id='word_1_116' title='bbox 435 1977 468 2040; x_wconf 93' lang='lat' dir='ltr'><strong>in</strong></span> <span class='ocrx_word' id='word_1_117' title='bbox 482 1976 659 2040; x_wconf 82' lang='lat' dir='ltr'><strong>humilitate</strong></span> <span class='ocrx_word' id='word_1_118' title='bbox 673 1976 777 2059; x_wconf 91' lang='lat' dir='ltr'><strong>positi,</strong></span> <span class='ocrx_word' id='word_1_119' title='bbox 801 1993 896 2057; x_wconf 88' lang='lat' dir='ltr'><strong>quam</strong></span> <span class='ocrx_word' id='word_1_120' title='bbox 911 1975 1060 2040; x_wconf 87' lang='lat' dir='ltr'><strong>iactantia</strong></span> <span class='ocrx_word' id='word_1_121' title='bbox 1076 1975 1251 2039; x_wconf 77' lang='lat' dir='ltr'><strong>sanctitatis</strong></span> <span class='ocrx_word' id='word_1_122' title='bbox 1266 1975 1313 2038; x_wconf 93' lang='lat' dir='ltr'><strong>in-</strong></span> 
     </span>
     <span class='ocr_line' id='line_1_16' title="bbox 168 2078 1364 2163; baseline -0.007 -19"><span class='ocrx_word' id='word_1_123' title='bbox 168 2079 252 2145; x_wconf 89' lang='lat' dir='ltr'><strong>flati.</strong></span> <span class='ocrx_word' id='word_1_124' title='bbox 298 2083 381 2160; x_wconf 90' lang='lat' dir='ltr'><strong>sont,</strong></span> <span class='ocrx_word' id='word_1_125' title='bbox 412 2079 526 2162; x_wconf 90' lang='lat' dir='ltr'><strong>quibus</strong></span> <span class='ocrx_word' id='word_1_126' title='bbox 548 2080 722 2163; x_wconf 89' lang='lat' dir='ltr'><strong>periculosa</strong></span> <span class='ocrx_word' id='word_1_127' title='bbox 748 2082 797 2143; x_wconf 90' lang='lat' dir='ltr'><strong>est</strong></span> <span class='ocrx_word' id='word_1_128' title='bbox 825 2080 894 2161; x_wconf 91' lang='lat' dir='ltr'><strong>ipsa</strong></span> <span class='ocrx_word' id='word_1_129' title='bbox 923 2078 1099 2144; x_wconf 88' lang='lat' dir='ltr'><strong>sublimitas</strong></span> <span class='ocrx_word' id='word_1_130' title='bbox 1129 2079 1311 2162; x_wconf 81' lang='lat' dir='ltr'><strong>gratiarum.</strong></span> <span class='ocrx_word' id='word_1_131' title='bbox 1340 2097 1364 2137; x_wconf 79' lang='lat' dir='ltr'><strong>c</strong></span> 
     </span>
     <span class='ocr_line' id='line_1_17' title="bbox 168 2182 1311 2268; baseline -0.003 -20"><span class='ocrx_word' id='word_1_132' title='bbox 168 2185 226 2268; x_wconf 92' lang='lat' dir='ltr'><strong>qui</strong></span> <span class='ocrx_word' id='word_1_133' title='bbox 249 2184 283 2248; x_wconf 92' lang='lat' dir='ltr'><strong>in</strong></span> <span class='ocrx_word' id='word_1_134' title='bbox 306 2184 425 2248; x_wconf 79' lang='lat' dir='ltr'><strong>excelso</strong></span> <span class='ocrx_word' id='word_1_135' title='bbox 448 2183 567 2267; x_wconf 91' lang='lat' dir='ltr'><strong>positus</strong></span> <span class='ocrx_word' id='word_1_136' title='bbox 587 2182 718 2248; x_wconf 85' lang='lat' dir='ltr'><strong>firmiter</strong></span> <span class='ocrx_word' id='word_1_137' title='bbox 733 2187 816 2248; x_wconf 90' lang='lat' dir='ltr'><strong>stare</strong></span> <span class='ocrx_word' id='word_1_138' title='bbox 833 2201 894 2247; x_wconf 88' lang='lat' dir='ltr'><strong>nou</strong></span> <span class='ocrx_word' id='word_1_139' title='bbox 909 2184 1005 2264; x_wconf 91' lang='lat' dir='ltr'><strong>nouit,</strong></span> <span class='ocrx_word' id='word_1_140' title='bbox 1029 2183 1088 2246; x_wconf 90' lang='lat' dir='ltr'><strong>hoo</strong></span> <span class='ocrx_word' id='word_1_141' title='bbox 1103 2183 1170 2265; x_wconf 91' lang='lat' dir='ltr'><strong>ipso</strong></span> <span class='ocrx_word' id='word_1_142' title='bbox 1186 2183 1311 2266; x_wconf 74' lang='lat' dir='ltr'><strong>grauiam</strong></span> 
     </span>
     <span class='ocr_line' id='line_1_18' title="bbox 167 2286 1310 2370; baseline -0.004 -17"><span class='ocrx_word' id='word_1_143' title='bbox 167 2289 269 2368; x_wconf 91' lang='lat' dir='ltr'><strong>cadit,</strong></span> <span class='ocrx_word' id='word_1_144' title='bbox 293 2289 374 2370; x_wconf 90' lang='lat' dir='ltr'><strong>qnod</strong></span> <span class='ocrx_word' id='word_1_145' title='bbox 397 2287 436 2352; x_wconf 92' lang='lat' dir='ltr'><strong>ad</strong></span> <span class='ocrx_word' id='word_1_146' title='bbox 458 2288 569 2352; x_wconf 87' lang='lat' dir='ltr'><strong>altiora</strong></span> <span class='ocrx_word' id='word_1_147' title='bbox 590 2287 813 2352; x_wconf 89' lang='lat' dir='ltr'><strong>conscenderit.</strong></span> <span class='ocrx_word' id='word_1_148' title='bbox 859 2291 890 2352; x_wconf 90' lang='lat' dir='ltr'><strong>et</strong></span> <span class='ocrx_word' id='word_1_149' title='bbox 913 2287 980 2351; x_wconf 91' lang='lat' dir='ltr'><strong>ideo</strong></span> <span class='ocrx_word' id='word_1_150' title='bbox 1004 2286 1114 2350; x_wconf 88' lang='lat' dir='ltr'><strong>beatus</strong></span> <span class='ocrx_word' id='word_1_151' title='bbox 1138 2286 1310 2369; x_wconf 88' lang='lat' dir='ltr'><strong>apostolus:</strong></span> 
     </span>
     <span class='ocr_line' id='line_1_19' title="bbox 168 2391 1311 2474; baseline -0.005 -16"><span class='ocrx_word' id='word_1_152' title='bbox 168 2391 396 2472; x_wconf 90' lang='lat' dir='ltr'><strong>diuisiones,</strong></span> <span class='ocrx_word' id='word_1_153' title='bbox 419 2392 529 2473; x_wconf 88' lang='lat' dir='ltr'><strong>inquit,</strong></span> <span class='ocrx_word' id='word_1_154' title='bbox 552 2392 760 2474; x_wconf 86' lang='lat' dir='ltr'><strong>gratiarum</strong></span> <span class='ocrx_word' id='word_1_155' title='bbox 784 2395 885 2472; x_wconf 89' lang='lat' dir='ltr'><strong>sunt,</strong></span> <span class='ocrx_word' id='word_1_156' title='bbox 909 2395 953 2455; x_wconf 91' lang='lat' dir='ltr'><strong>et:</strong></span> <span class='ocrx_word' id='word_1_157' title='bbox 977 2391 1067 2455; x_wconf 89' lang='lat' dir='ltr'><strong>hoco</strong></span> <span class='ocrx_word' id='word_1_158' title='bbox 1087 2391 1210 2455; x_wconf 91' lang='lat' dir='ltr'><strong>omnia</strong></span> <span class='ocrx_word' id='word_1_159' title='bbox 1229 2407 1311 2472; x_wconf 89' lang='lat' dir='ltr'><strong>ope·</strong></span> 
     </span>
     <span class='ocr_line' id='line_1_20' title="bbox 167 2495 1311 2578; baseline -0.005 -16"><span class='ocrx_word' id='word_1_160' title='bbox 167 2502 280 2562; x_wconf 88' lang='lat' dir='ltr'><strong>ratur</strong></span> <span class='ocrx_word' id='word_1_161' title='bbox 295 2514 388 2560; x_wconf 91' lang='lat' dir='ltr'><strong>onus</strong></span> <span class='ocrx_word' id='word_1_162' title='bbox 404 2499 515 2578; x_wconf 89' lang='lat' dir='ltr'><strong>atque</strong></span> <span class='ocrx_word' id='word_1_163' title='bbox 534 2496 631 2559; x_wconf 91' lang='lat' dir='ltr'><strong>idem</strong></span> <span class='ocrx_word' id='word_1_164' title='bbox 650 2496 808 2577; x_wconf 87' lang='lat' dir='ltr'><strong>spiritus</strong></span> <span class='ocrx_word' id='word_1_165' title='bbox 825 2495 995 2559; x_wconf 89' lang='lat' dir='ltr'><strong>diuidene</strong></span> <span class='ocrx_word' id='word_1_166' title='bbox 1011 2495 1186 2578; x_wconf 87' lang='lat' dir='ltr'><strong>singulis,</strong></span> <span class='ocrx_word' id='word_1_167' title='bbox 1202 2495 1311 2577; x_wconf 92' lang='lat' dir='ltr'><strong>prout</strong></span> 
     </span>
     <span class='ocr_line' id='line_1_21' title="bbox 166 2599 1363 2682; baseline -0.008 -16"><span class='ocrx_word' id='word_1_168' title='bbox 166 2602 265 2666; x_wconf 89' lang='lat' dir='ltr'><strong>uult.</strong></span> <span class='ocrx_word' id='word_1_169' title='bbox 301 2599 380 2665; x_wconf 89' lang='lat' dir='ltr'><strong>bene</strong></span> <span class='ocrx_word' id='word_1_170' title='bbox 403 2601 461 2664; x_wconf 90' lang='lat' dir='ltr'><strong>ait:</strong></span> <span class='ocrx_word' id='word_1_171' title='bbox 483 2603 576 2682; x_wconf 89' lang='lat' dir='ltr'><strong>prout</strong></span> <span class='ocrx_word' id='word_1_172' title='bbox 590 2599 669 2680; x_wconf 89' lang='lat' dir='ltr'><strong>uult,</strong></span> <span class='ocrx_word' id='word_1_173' title='bbox 693 2600 767 2682; x_wconf 91' lang='lat' dir='ltr'><strong>quia</strong></span> <span class='ocrx_word' id='word_1_174' title='bbox 781 2599 858 2665; x_wconf 93' lang='lat' dir='ltr'><strong>nihil</strong></span> <span class='ocrx_word' id='word_1_175' title='bbox 874 2603 922 2664; x_wconf 92' lang='lat' dir='ltr'><strong>est</strong></span> <span class='ocrx_word' id='word_1_176' title='bbox 936 2599 1055 2664; x_wconf 92' lang='lat' dir='ltr'><strong>homini</strong></span> <span class='ocrx_word' id='word_1_177' title='bbox 1070 2599 1192 2678; x_wconf 87' lang='lat' dir='ltr'><strong>melius,</strong></span> <span class='ocrx_word' id='word_1_178' title='bbox 1216 2615 1310 2680; x_wconf 90' lang='lat' dir='ltr'><strong>quam</strong></span> <span class='ocrx_word' id='word_1_179' title='bbox 1336 2616 1363 2656; x_wconf 77' lang='lat' dir='ltr'><strong>ao</strong></span> 
     </span>
     <span class='ocr_line' id='line_1_22' title="bbox 166 2701 1311 2789; baseline -0.003 -19"><span class='ocrx_word' id='word_1_180' title='bbox 166 2705 257 2789; x_wconf 89' lang='lat' dir='ltr'><strong>quod</strong></span> <span class='ocrx_word' id='word_1_181' title='bbox 285 2704 339 2769; x_wconf 91' lang='lat' dir='ltr'><strong>ille</strong></span> <span class='ocrx_word' id='word_1_182' title='bbox 364 2704 442 2768; x_wconf 84' lang='lat' dir='ltr'><strong>nult.</strong></span> <span class='ocrx_word' id='word_1_183' title='bbox 489 2704 634 2769; x_wconf 87' lang='lat' dir='ltr'><strong>uoluntas</strong></span> <span class='ocrx_word' id='word_1_184' title='bbox 658 2704 742 2769; x_wconf 92' lang='lat' dir='ltr'><strong>enim</strong></span> <span class='ocrx_word' id='word_1_185' title='bbox 765 2704 891 2787; x_wconf 90' lang='lat' dir='ltr'><strong>spiritus</strong></span> <span class='ocrx_word' id='word_1_186' title='bbox 915 2704 1015 2768; x_wconf 88' lang='lat' dir='ltr'><strong>sancti</strong></span> <span class='ocrx_word' id='word_1_187' title='bbox 1037 2703 1116 2768; x_wconf 92' lang='lat' dir='ltr'><strong>bene</strong></span> <span class='ocrx_word' id='word_1_188' title='bbox 1140 2701 1227 2766; x_wconf 88' lang='lat' dir='ltr'><strong>uouit</strong></span> <span class='ocrx_word' id='word_1_189' title='bbox 1248 2702 1311 2766; x_wconf 90' lang='lat' dir='ltr'><strong>dis·</strong></span> 
     </span>
     <span class='ocr_line' id='line_1_23' title="bbox 165 2806 1311 2894; baseline -0.004 -19"><span class='ocrx_word' id='word_1_190' title='bbox 165 2827 307 2894; x_wconf 88' lang='lat' dir='ltr'><strong>pensare</strong></span> <span class='ocrx_word' id='word_1_191' title='bbox 330 2826 461 2873; x_wconf 88' lang='lat' dir='ltr'><strong>munera</strong></span> <span class='ocrx_word' id='word_1_192' title='bbox 483 2826 548 2873; x_wconf 89' lang='lat' dir='ltr'><strong>sna.</strong></span> <span class='ocrx_word' id='word_1_193' title='bbox 593 2808 672 2873; x_wconf 91' lang='lat' dir='ltr'><strong>nihil</strong></span> <span class='ocrx_word' id='word_1_194' title='bbox 696 2811 744 2872; x_wconf 90' lang='lat' dir='ltr'><strong>est</strong></span> <span class='ocrx_word' id='word_1_195' title='bbox 765 2809 884 2888; x_wconf 88' lang='lat' dir='ltr'><strong>utilius,</strong></span> <span class='ocrx_word' id='word_1_196' title='bbox 913 2827 1007 2891; x_wconf 93' lang='lat' dir='ltr'><strong>quam</strong></span> <span class='ocrx_word' id='word_1_197' title='bbox 1029 2808 1087 2872; x_wconf 92' lang='lat' dir='ltr'><strong>hoc</strong></span> <span class='ocrx_word' id='word_1_198' title='bbox 1110 2810 1233 2872; x_wconf 90' lang='lat' dir='ltr'><strong>tantum</strong></span> <span class='ocrx_word' id='word_1_199' title='bbox 1255 2806 1311 2870; x_wconf 95' lang='lat' dir='ltr'><strong>ho·</strong></span> 
     </span>
    </p>
   </div>
   <div class='ocr_carea' id='block_1_3' title="bbox 67 2911 1312 2995">
    <p class='ocr_par' dir='ltr' id='par_1_3' title="bbox 67 2911 1312 2995">
     <span class='ocr_line' id='line_1_24' title="bbox 67 2911 1312 2995; baseline -0.006 -14"><span class='ocrx_word' id='word_1_200' title='bbox 67 2981 73 2992; x_wconf 80' lang='grc'><strong>,</strong></span> <span class='ocrx_word' id='word_1_201' title='bbox 166 2915 292 2980; x_wconf 89' lang='lat' dir='ltr'><strong>minem</strong></span> <span class='ocrx_word' id='word_1_202' title='bbox 322 2913 361 2977; x_wconf 93' lang='lat' dir='ltr'><strong>de</strong></span> <span class='ocrx_word' id='word_1_203' title='bbox 391 2912 561 2978; x_wconf 83' lang='lat' dir='ltr'><strong>uirtutibus</strong></span> <span class='ocrx_word' id='word_1_204' title='bbox 592 2913 716 2993; x_wconf 87' lang='lat' dir='ltr'><strong>habere,</strong></span> <span class='ocrx_word' id='word_1_205' title='bbox 747 2913 830 2994; x_wconf 89' lang='lat' dir='ltr'><strong>qnod</strong></span> <span class='ocrx_word' id='word_1_206' title='bbox 860 2913 987 2995; x_wconf 85' lang='lat' dir='ltr'><strong>spiritus</strong></span> <span class='ocrx_word' id='word_1_207' title='bbox 1015 2915 1141 2978; x_wconf 88' lang='lat' dir='ltr'><strong>sanctus</strong></span> <span class='ocrx_word' id='word_1_208' title='bbox 1168 2911 1312 2975; x_wconf 84' lang='lat' dir='ltr'><strong>iudicarit</strong></span> 
     </span>
    </p>
   </div>
   <div class='ocr_carea' id='block_1_4' title="bbox 161 3017 1362 3939">
    <p class='ocr_par' dir='ltr' id='par_1_4' title="bbox 164 3017 655 3084">
     <span class='ocr_line' id='line_1_25' title="bbox 164 3017 655 3084; baseline -0.008 0"><span class='ocrx_word' id='word_1_209' title='bbox 164 3017 295 3084; x_wconf 89' lang='lat' dir='ltr'><strong>homini</strong></span> <span class='ocrx_word' id='word_1_210' title='bbox 318 3037 351 3082; x_wconf 88' lang='lat' dir='ltr'><strong>se</strong></span> <span class='ocrx_word' id='word_1_211' title='bbox 374 3017 486 3081; x_wconf 91' lang='lat' dir='ltr'><strong>debere</strong></span> <span class='ocrx_word' id='word_1_212' title='bbox 507 3017 655 3082; x_wconf 82' lang='lat' dir='ltr'><strong>conferre.</strong></span> 
     </span>
    </p>

    <p class='ocr_par' dir='ltr' id='par_1_5' title="bbox 161 3119 1362 3939">
     <span class='ocr_line' id='line_1_26' title="bbox 213 3119 1362 3206; baseline -0.01 -17"><span class='ocrx_word' id='word_1_213' title='bbox 213 3123 298 3189; x_wconf 89' lang='lat' dir='ltr'><strong>Sane</strong></span> <span class='ocrx_word' id='word_1_214' title='bbox 321 3123 439 3204; x_wconf 88' lang='lat' dir='ltr'><strong>siquis</strong></span> <span class='ocrx_word' id='word_1_215' title='bbox 461 3122 615 3187; x_wconf 90' lang='lat' dir='ltr'><strong>uirtutum</strong></span> <span class='ocrx_word' id='word_1_216' title='bbox 637 3122 770 3206; x_wconf 83' lang='lat' dir='ltr'><strong>gratiam</strong></span> <span class='ocrx_word' id='word_1_217' title='bbox 793 3122 950 3186; x_wconf 88' lang='lat' dir='ltr'><strong>desiderat</strong></span> <span class='ocrx_word' id='word_1_218' title='bbox 963 3121 1114 3201; x_wconf 89' lang='lat' dir='ltr'><strong>obtinere,</strong></span> <span class='ocrx_word' id='word_1_219' title='bbox 1136 3119 1233 3185; x_wconf 83' lang='lat' dir='ltr'><strong>habet</strong></span> <span class='ocrx_word' id='word_1_220' title='bbox 1247 3119 1311 3183; x_wconf 90' lang='lat' dir='ltr'><strong>uir·</strong></span> <span class='ocrx_word' id='word_1_221' title='bbox 1337 3137 1362 3177; x_wconf 74' lang='lat' dir='ltr'><strong>ns</strong></span> 
     </span>
     <span class='ocr_line' id='line_1_27' title="bbox 164 3225 1309 3310; baseline -0.008 -15"><span class='ocrx_word' id='word_1_222' title='bbox 164 3232 269 3306; x_wconf 87' lang='lat' dir='ltr'><strong>tutes,</strong></span> <span class='ocrx_word' id='word_1_223' title='bbox 300 3244 378 3308; x_wconf 88' lang='lat' dir='ltr'><strong>quas</strong></span> <span class='ocrx_word' id='word_1_224' title='bbox 406 3227 507 3310; x_wconf 84' lang='lat' dir='ltr'><strong>pessit</strong></span> <span class='ocrx_word' id='word_1_225' title='bbox 535 3226 717 3291; x_wconf 87' lang='lat' dir='ltr'><strong>innocenter</strong></span> <span class='ocrx_word' id='word_1_226' title='bbox 748 3229 902 3309; x_wconf 89' lang='lat' dir='ltr'><strong>appetere.</strong></span> <span class='ocrx_word' id='word_1_227' title='bbox 959 3229 1089 3308; x_wconf 88' lang='lat' dir='ltr'><strong>quaerat</strong></span> <span class='ocrx_word' id='word_1_228' title='bbox 1121 3225 1309 3302; x_wconf 88' lang='lat' dir='ltr'><strong>castitatem,</strong></span> 
     </span>
     <span class='ocr_line' id='line_1_28' title="bbox 164 3329 1308 3416; baseline -0.006 -18"><span class='ocrx_word' id='word_1_229' title='bbox 164 3330 388 3416; x_wconf 86' lang='lat' dir='ltr'><strong>apprehendet</strong></span> <span class='ocrx_word' id='word_1_230' title='bbox 410 3329 623 3411; x_wconf 84' lang='lat' dir='ltr'><strong>sobrietatem,</strong></span> <span class='ocrx_word' id='word_1_231' title='bbox 646 3333 753 3394; x_wconf 89' lang='lat' dir='ltr'><strong>teneat</strong></span> <span class='ocrx_word' id='word_1_232' title='bbox 774 3329 981 3412; x_wconf 83' lang='lat' dir='ltr'><strong>disciplinam,</strong></span> <span class='ocrx_word' id='word_1_233' title='bbox 1004 3329 1114 3412; x_wconf 85' lang='lat' dir='ltr'><strong>diligat</strong></span> <span class='ocrx_word' id='word_1_234' title='bbox 1136 3329 1308 3393; x_wconf 87' lang='lat' dir='ltr'><strong>caritatem.</strong></span> 
     </span>
     <span class='ocr_line' id='line_1_29' title="bbox 163 3433 1312 3518; baseline -0.007 -15"><span class='ocrx_word' id='word_1_235' title='bbox 163 3439 250 3503; x_wconf 86' lang='lat' dir='ltr'><strong>istas</strong></span> <span class='ocrx_word' id='word_1_236' title='bbox 275 3435 360 3500; x_wconf 91' lang='lat' dir='ltr'><strong>enim</strong></span> <span class='ocrx_word' id='word_1_237' title='bbox 380 3434 513 3499; x_wconf 84' lang='lat' dir='ltr'><strong>uirtutes</strong></span> <span class='ocrx_word' id='word_1_238' title='bbox 536 3453 608 3498; x_wconf 90' lang='lat' dir='ltr'><strong>cum</strong></span> <span class='ocrx_word' id='word_1_239' title='bbox 630 3435 680 3499; x_wconf 86' lang='lat' dir='ltr'><strong>dai</strong></span> <span class='ocrx_word' id='word_1_240' title='bbox 702 3435 804 3518; x_wconf 86' lang='lat' dir='ltr'><strong>gratia</strong></span> <span class='ocrx_word' id='word_1_241' title='bbox 826 3452 934 3499; x_wconf 89' lang='lat' dir='ltr'><strong>omnes</strong></span> <span class='ocrx_word' id='word_1_242' title='bbox 957 3433 1072 3498; x_wconf 89' lang='lat' dir='ltr'><strong>habere</strong></span> <span class='ocrx_word' id='word_1_243' title='bbox 1093 3450 1260 3514; x_wconf 90' lang='lat' dir='ltr'><strong>possumus</strong></span> <span class='ocrx_word' id='word_1_244' title='bbox 1280 3435 1312 3495; x_wconf 88' lang='lat' dir='ltr'><strong>et</strong></span> 
     </span>
     <span class='ocr_line' id='line_1_30' title="bbox 163 3537 1310 3621; baseline -0.006 -15"><span class='ocrx_word' id='word_1_245' title='bbox 163 3541 334 3607; x_wconf 91' lang='lat' dir='ltr'><strong>debemus.</strong></span> <span class='ocrx_word' id='word_1_246' title='bbox 381 3557 443 3604; x_wconf 92' lang='lat' dir='ltr'><strong>non</strong></span> <span class='ocrx_word' id='word_1_247' title='bbox 474 3539 556 3604; x_wconf 90' lang='lat' dir='ltr'><strong>enim</strong></span> <span class='ocrx_word' id='word_1_248' title='bbox 588 3539 621 3603; x_wconf 91' lang='lat' dir='ltr'><strong>in</strong></span> <span class='ocrx_word' id='word_1_249' title='bbox 643 3539 718 3603; x_wconf 88' lang='lat' dir='ltr'><strong>solis</strong></span> <span class='ocrx_word' id='word_1_250' title='bbox 741 3538 930 3621; x_wconf 84' lang='lat' dir='ltr'><strong>expellendis</strong></span> <span class='ocrx_word' id='word_1_251' title='bbox 954 3537 1157 3602; x_wconf 88' lang='lat' dir='ltr'><strong>daemonibus</strong></span> <span class='ocrx_word' id='word_1_252' title='bbox 1180 3539 1235 3600; x_wconf 89' lang='lat' dir='ltr'><strong>ant</strong></span> <span class='ocrx_word' id='word_1_253' title='bbox 1257 3554 1310 3600; x_wconf 90' lang='lat' dir='ltr'><strong>ou·</strong></span> 
     </span>
     <span class='ocr_line' id='line_1_31' title="bbox 161 3641 1362 3711; baseline -0.007 0"><span class='ocrx_word' id='word_1_254' title='bbox 161 3642 281 3711; x_wconf 88' lang='lat' dir='ltr'><strong>randis</strong></span> <span class='ocrx_word' id='word_1_255' title='bbox 309 3641 544 3708; x_wconf 86' lang='lat' dir='ltr'><strong>infirmitatibus</strong></span> <span class='ocrx_word' id='word_1_256' title='bbox 575 3645 607 3706; x_wconf 90' lang='lat' dir='ltr'><strong>et</strong></span> <span class='ocrx_word' id='word_1_257' title='bbox 636 3642 822 3707; x_wconf 89' lang='lat' dir='ltr'><strong>sanitatibus</strong></span> <span class='ocrx_word' id='word_1_258' title='bbox 853 3642 962 3708; x_wconf 91' lang='lat' dir='ltr'><strong>dandis</strong></span> <span class='ocrx_word' id='word_1_259' title='bbox 993 3643 1124 3706; x_wconf 72' lang='lat' dir='ltr'><strong>uirtutes</strong></span> <span class='ocrx_word' id='word_1_260' title='bbox 1153 3659 1221 3706; x_wconf 89' lang='lat' dir='ltr'><strong>osse</strong></span> <span class='ocrx_word' id='word_1_261' title='bbox 1244 3657 1310 3704; x_wconf 90' lang='lat' dir='ltr'><strong>ore·</strong></span> <span class='ocrx_word' id='word_1_262' title='bbox 1336 3657 1362 3696; x_wconf 83' lang='lat' dir='ltr'><strong>ac</strong></span> 
     </span>
     <span class='ocr_line' id='line_1_32' title="bbox 162 3743 1309 3830; baseline -0.007 -15"><span class='ocrx_word' id='word_1_263' title='bbox 162 3748 294 3815; x_wconf 82' lang='lat' dir='ltr'><strong>dandae</strong></span> <span class='ocrx_word' id='word_1_264' title='bbox 323 3750 405 3811; x_wconf 92' lang='lat' dir='ltr'><strong>sunt.</strong></span> <span class='ocrx_word' id='word_1_265' title='bbox 452 3765 544 3811; x_wconf 86' lang='lat' dir='ltr'><strong>omna</strong></span> <span class='ocrx_word' id='word_1_266' title='bbox 574 3764 651 3830; x_wconf 89' lang='lat' dir='ltr'><strong>opus</strong></span> <span class='ocrx_word' id='word_1_267' title='bbox 679 3747 796 3812; x_wconf 89' lang='lat' dir='ltr'><strong>bonum</strong></span> <span class='ocrx_word' id='word_1_268' title='bbox 823 3747 923 3812; x_wconf 89' lang='lat' dir='ltr'><strong>uirtus</strong></span> <span class='ocrx_word' id='word_1_269' title='bbox 947 3751 1004 3810; x_wconf 90' lang='lat' dir='ltr'><strong>est.</strong></span> <span class='ocrx_word' id='word_1_270' title='bbox 1051 3747 1077 3811; x_wconf 92' lang='lat' dir='ltr'><strong>si</strong></span> <span class='ocrx_word' id='word_1_271' title='bbox 1099 3744 1207 3809; x_wconf 82' lang='lat' dir='ltr'><strong>cotidie</strong></span> <span class='ocrx_word' id='word_1_272' title='bbox 1230 3743 1309 3808; x_wconf 90' lang='lat' dir='ltr'><strong>bene</strong></span> 
     </span>
     <span class='ocr_line' id='line_1_33' title="bbox 161 3851 1310 3939; baseline -0.005 -22"><span class='ocrx_word' id='word_1_273' title='bbox 161 3851 277 3939; x_wconf 84' lang='lat' dir='ltr'><strong>agitis,</strong></span> <span class='ocrx_word' id='word_1_274' title='bbox 300 3851 328 3915; x_wconf 93' lang='lat' dir='ltr'><strong>si</strong></span> <span class='ocrx_word' id='word_1_275' title='bbox 349 3853 456 3916; x_wconf 87' lang='lat' dir='ltr'><strong>sancte</strong></span> <span class='ocrx_word' id='word_1_276' title='bbox 479 3855 511 3915; x_wconf 93' lang='lat' dir='ltr'><strong>et</strong></span> <span class='ocrx_word' id='word_1_277' title='bbox 531 3851 614 3915; x_wconf 90' lang='lat' dir='ltr'><strong>iuste</strong></span> <span class='ocrx_word' id='word_1_278' title='bbox 636 3851 751 3931; x_wconf 89' lang='lat' dir='ltr'><strong>uiuitis,</strong></span> <span class='ocrx_word' id='word_1_279' title='bbox 779 3851 887 3915; x_wconf 89' lang='lat' dir='ltr'><strong>cotidie</strong></span> <span class='ocrx_word' id='word_1_280' title='bbox 910 3851 1064 3916; x_wconf 86' lang='lat' dir='ltr'><strong>uirtutum</strong></span> <span class='ocrx_word' id='word_1_281' title='bbox 1088 3867 1182 3933; x_wconf 83' lang='lat' dir='ltr'><strong>opera</strong></span> <span class='ocrx_word' id='word_1_282' title='bbox 1202 3851 1310 3913; x_wconf 88' lang='lat' dir='ltr'><strong>sancta</strong></span> 
     </span>
    </p>
   </div>
   <div class='ocr_carea' id='block_1_5' title="bbox 162 3953 1310 4163">
    <p class='ocr_par' dir='ltr' id='par_1_6' title="bbox 162 3953 1310 4163">
     <span class='ocr_line' id='line_1_34' title="bbox 162 3953 1310 4054; baseline -0.006 -31"><span class='ocrx_word' id='word_1_283' title='bbox 162 3955 347 4040; x_wconf 90' lang='lat' dir='ltr'><strong>completis.</strong></span> <span class='ocrx_word' id='word_1_284' title='bbox 393 3972 456 4019; x_wconf 93' lang='lat' dir='ltr'><strong>non</strong></span> <span class='ocrx_word' id='word_1_285' title='bbox 478 3958 581 4054; x_wconf 85' lang='lat' dir='ltr'><strong>potest</strong></span> <span class='ocrx_word' id='word_1_286' title='bbox 603 3955 715 4038; x_wconf 85' lang='lat' dir='ltr'><strong>aliquis</strong></span> <span class='ocrx_word' id='word_1_287' title='bbox 738 3955 777 4019; x_wconf 89' lang='lat' dir='ltr'><strong>ab</strong></span> <span class='ocrx_word' id='word_1_288' title='bbox 801 3956 862 4020; x_wconf 86' lang='lat' dir='ltr'><strong>alio</strong></span> <span class='ocrx_word' id='word_1_289' title='bbox 886 3956 1068 4021; x_wconf 87' lang='lat' dir='ltr'><strong>daemonem</strong></span> <span class='ocrx_word' id='word_1_290' title='bbox 1100 3953 1260 4038; x_wconf 79' lang='lat' dir='ltr'><strong>expellere,</strong></span> <span class='ocrx_word' id='word_1_291' title='bbox 1291 3969 1310 4016; x_wconf 95' lang='lat' dir='ltr'><strong>a</strong></span> 
     </span>
     <span class='ocr_line' id='line_1_35' title="bbox 280 4092 786 4163; baseline -0.006 -12"><span class='ocrx_word' id='word_1_292' title='bbox 280 4092 325 4163; x_wconf 81' lang='lat' dir='ltr'><strong>la]</strong></span> <span class='ocrx_word' id='word_1_293' title='bbox 345 4096 358 4149; x_wconf 99' lang='lat'>1</span> <span class='ocrx_word' id='word_1_294' title='bbox 378 4093 529 4158; x_wconf 80' lang='lat' dir='ltr'>Cor.12,4.</span> <span class='ocrx_word' id='word_1_295' title='bbox 584 4097 597 4150; x_wconf 93' lang='grc'>1</span> <span class='ocrx_word' id='word_1_296' title='bbox 617 4093 676 4149; x_wconf 86' lang='lat' dir='ltr'><strong>Cor.</strong></span> <span class='ocrx_word' id='word_1_297' title='bbox 691 4095 786 4158; x_wconf 85' lang='grc'>12,11.</span> 
     </span>
    </p>
   </div>
   <div class='ocr_carea' id='block_1_6' title="bbox 162 4213 1309 4374">
    <p class='ocr_par' dir='ltr' id='par_1_7' title="bbox 162 4213 1309 4374">
     <span class='ocr_line' id='line_1_36' title="bbox 209 4213 1309 4286; baseline -0.005 -13"><span class='ocrx_word' id='word_1_298' title='bbox 209 4219 471 4286; x_wconf 76' lang='lat' dir='ltr'><strong>2praeeumptyosa</strong></span> <span class='ocrx_word' id='word_1_299' title='bbox 487 4216 515 4272; x_wconf 99' lang='grc' dir='ltr'>Β</span> <span class='ocrx_word' id='word_1_300' title='bbox 566 4218 669 4285; x_wconf 70' lang='lat' dir='ltr'><strong>dquae</strong></span> <span class='ocrx_word' id='word_1_301' title='bbox 685 4216 713 4272; x_wconf 99' lang='grc' dir='ltr'>Β</span> <span class='ocrx_word' id='word_1_302' title='bbox 729 4216 756 4283; x_wconf 90' lang='lat' dir='ltr'><strong>(e</strong></span> <span class='ocrx_word' id='word_1_303' title='bbox 772 4217 805 4270; x_wconf 80' lang='lat' dir='ltr'><strong>in</strong></span> <span class='ocrx_word' id='word_1_304' title='bbox 821 4217 889 4284; x_wconf 83' lang='lat' dir='ltr'><strong>roe.)</strong></span> <span class='ocrx_word' id='word_1_305' title='bbox 941 4213 1186 4285; x_wconf 84' lang='lat' dir='ltr'><strong>impudentiaR(p</strong></span> <span class='ocrx_word' id='word_1_306' title='bbox 1199 4214 1309 4282; x_wconf 76' lang='lat' dir='ltr'><strong>imos.)</strong></span> 
     </span>
     <span class='ocr_line' id='line_1_37' title="bbox 162 4300 1307 4374; baseline -0.009 -10"><span class='ocrx_word' id='word_1_307' title='bbox 162 4309 200 4364; x_wconf 90' lang='lat'><strong>10</strong></span> <span class='ocrx_word' id='word_1_308' title='bbox 220 4304 276 4358; x_wconf 84' lang='lat' dir='ltr'><strong>hoo</strong></span> <span class='ocrx_word' id='word_1_309' title='bbox 292 4303 322 4359; x_wconf 90' lang='grc' dir='ltr'>Β</span> <span class='ocrx_word' id='word_1_310' title='bbox 373 4305 406 4359; x_wconf 78' lang='grc'><strong>14</strong></span> <span class='ocrx_word' id='word_1_311' title='bbox 423 4303 452 4357; x_wconf 91' lang='lat' dir='ltr'><strong>in</strong></span> <span class='ocrx_word' id='word_1_312' title='bbox 469 4305 541 4374; x_wconf 70' lang='lat' dir='ltr'><strong>Mod,</strong></span> <span class='ocrx_word' id='word_1_313' title='bbox 559 4304 661 4360; x_wconf 86' lang='lat' dir='ltr'><strong>euntR</strong></span> <span class='ocrx_word' id='word_1_314' title='bbox 712 4305 748 4360; x_wconf 79' lang='lat'><strong>23</strong></span> <span class='ocrx_word' id='word_1_315' title='bbox 765 4302 875 4372; x_wconf 85' lang='lat' dir='ltr'><strong>spiritus</strong></span> <span class='ocrx_word' id='word_1_316' title='bbox 893 4305 1001 4358; x_wconf 87' lang='lat' dir='ltr'><strong>sanctus</strong></span> <span class='ocrx_word' id='word_1_317' title='bbox 1012 4303 1040 4359; x_wconf 91' lang='grc' dir='ltr'>Β</span> <span class='ocrx_word' id='word_1_318' title='bbox 1051 4305 1147 4358; x_wconf 67' lang='lat' dir='ltr'><strong>carce.</strong></span> <span class='ocrx_word' id='word_1_319' title='bbox 1201 4303 1235 4356; x_wconf 82' lang='lat'><strong>33</strong></span> <span class='ocrx_word' id='word_1_320' title='bbox 1248 4300 1307 4355; x_wconf 87' lang='lat' dir='ltr'><strong>dae·</strong></span> 
     </span>
    </p>
   </div>
   <div class='ocr_carea' id='block_1_7' title="bbox 161 4389 1154 4528">
    <p class='ocr_par' dir='ltr' id='par_1_8' title="bbox 161 4389 1154 4528">
     <span class='ocr_line' id='line_1_38' title="bbox 161 4389 535 4458; baseline -0.011 -8"><span class='ocrx_word' id='word_1_321' title='bbox 161 4405 280 4450; x_wconf 89' lang='lat' dir='ltr'><strong>monem</strong></span> <span class='ocrx_word' id='word_1_322' title='bbox 297 4391 326 4446; x_wconf 95' lang='grc' dir='ltr'>Β</span> <span class='ocrx_word' id='word_1_323' title='bbox 342 4389 403 4458; x_wconf 87' lang='lat' dir='ltr'><strong>(dae</strong></span> <span class='ocrx_word' id='word_1_324' title='bbox 419 4391 452 4446; x_wconf 75' lang='lat' dir='ltr'><strong>in</strong></span> <span class='ocrx_word' id='word_1_325' title='bbox 467 4392 535 4458; x_wconf 80' lang='lat' dir='ltr'><strong>roe.)</strong></span> 
     </span>
     <span class='ocr_line' id='line_1_39' title="bbox 1104 4479 1154 4528; baseline 0 0"><span class='ocrx_word' id='word_1_326' title='bbox 1104 4479 1154 4528; x_wconf 70' lang='lat'><strong>22*</strong></span> 
     </span>
    </p>
   </div>
   <div class='ocr_carea' id='block_1_8' title="bbox 0 0 1554 4892">
    <p class='ocr_par' dir='ltr' id='par_1_9' title="bbox 0 0 1554 4892">
     <span class='ocr_line' id='line_1_40' title="bbox 0 0 1554 4892; baseline 0 4"><span class='ocrx_word' id='word_1_327' title='bbox 0 0 1554 4892; x_wconf 95' lang='lat' dir='ltr'><strong> </strong></span> 
     </span>
    </p>
   </div>
  </div>
 </body>
</html>
