3100 4892
206 425 255 482 XX
651 427 893 497 Prolegomena.

203 607 364 668 assecutus
396 609 444 668 est
475 622 556 669 anno
578 603 642 666 468
673 603 726 688 (cl.
744 605 935 669 Mommseni
956 606 1054 688 prael.
1070 624 1100 687 p.
1117 569 1342 687 xxxxviii),

202 705 577 772 11111111.4681111469
607 708 890 773 11110161111111111
918 711 950 772 et
977 709 1070 792 paulo
1098 711 1191 773 antea
1220 708 1342 772 litteras

202 813 311 876 Fausti
327 811 426 878 editas
443 831 512 877 esse
528 813 722 876 coniecerim.
760 831 836 876 nam
855 814 888 878 in
908 813 1054 896 epistula,
1078 813 1110 875 in
1126 830 1188 894 qua
1202 813 1342 894 queritur

202 915 402 998 Claudianus,
432 917 513 999 quod
536 916 679 983 Sidonius
702 916 825 982 libellos
849 918 929 998 illos,
958 937 1034 1000 quos
1058 935 1114 981 suo
1137 916 1264 982 nomine
1286 934 1342 982 no-

201 1019 320 1084 bilitari
335 1039 396 1085 non
413 1021 540 1101 abnuat,
564 1010 650 1086 n'nllo
670 1039 822 1103 umquam
843 1022 1051 1106 impertinerit
1065 1022 1216 1104 rescripto
1237 1020 1343 1102 (Olau-

202 1124 311 1188 dianus
343 1125 425 1207 apud
453 1125 613 1191 Sidonium
642 1145 688 1208 ep.
711 1125 775 1189 ΙΠΙ
803 1124 824 1190 2
850 1145 880 1208 p.
901 1124 1079 1210 51131.)
1107 1125 1251 1192 Sidonius
1278 1126 1343 1189 iarn

201 1247 283 1312 papa
305 1229 490 1312 appellatur,
517 1230 537 1293 i.
560 1249 585 1292 e.
606 1230 804 1313 praepositus
831 1228 895 1294 iarn
919 1233 987 1294 erat
1008 1230 1170 1294 Arneruae
1194 1230 1343 1294 ecelesiae

202 1331 365 1416 episcopus
389 1351 415 1396 a.
432 1331 496 1395 469
520 1334 570 1397 uel
592 1331 782 1397 4101111111
806 1331 857 1415 (cl.
875 1334 1055 1398 Mommsen
1077 1334 1098 1397 l.
1114 1333 1159 1416 l.).

244 1435 359 1500 Utrum
375 1434 519 1502 Sidonius
542 1455 655 1501 nomen
680 1439 757 1517 eius,
784 1441 893 1503 0011111
915 1457 1009 1520 quem
1025 1437 1215 1503 Claudianus
1236 1436 1343 1519 dispu-

201 1541 292 1620 tauit‚
320 1541 442 1605 nouerit
469 1560 577 1622 neone,
604 1541 657 1604 uir
681 1542 784 1606 ausim
807 1542 985 1622 diiudicare,
1014 1559 1205 1624 quamquam
1232 1541 1342 1619 altum,

202 1645 239 1708 de
271 1662 331 1726 quo
362 1646 501 1728 queritur
532 1645 736 1726 Claudianus,
767 1646 884 1711 Sidonii
915 1647 1074 1710 silentium
1104 1644 1237 1709 fortasse
1270 1643 1343 1707 inde

202 1749 346 1832 explicari
369 1751 481 1833 potest,
507 1750 587 1832 quod
610 1750 805 1815 irascebatur
821 1749 991 1815 Claudiano
1007 1750 1161 1814 Faustum
1183 1749 1245 1813 sibi
1264 1749 1343 1812 ami-

201 1854 361 1918 cissimum
384 1857 451 1918 tarn
474 1855 586 1918 acriter
609 1856 758 1937 carpenti.
806 1859 967 1938 praeterea
994 1855 1108 1934 neseio,
1139 1872 1180 1918 au
1209 1872 1247 1917 ea
1274 1854 1343 1936 ipsa

202 1958 239 2020 de
263 1975 367 2038 eausa,
394 1961 562 2040 postquam
585 1958 728 2042 precibus
751 1960 903 2042 fatigatus
927 1958 1098 2024 Claudiano
1121 1957 1266 2023 Sidonius
1293 1976 1342 2020 re-

202 2061 326 2142 spondit
349 2062 477 2143 eiusque
501 2080 578 2146 opus
600 2063 723 2146 maguis
744 2082 821 2128 sane
840 2063 985 2128 laudibus
1007 2061 1106 2146 (etp.
1124 2059 1343 2145 1121111-

203 2165 283 2244 tulit,
308 2164 471 2230 Claudiani
493 2167 614 2231 litteras
638 2167 703 2232 suis
726 2168 759 2232 in
783 2167 901 2232 edendo
924 2167 1100 2250 praefixerit
1122 2201 1163 2212 -
1185 2167 1217 2230 id
1244 2184 1342 2230 unum

203 2269 379 2351 exemplum
410 2289 464 2352 per
495 2273 594 2335 totam
625 2272 830 2353 epistularum
858 2271 1098 2336 Sidonianarum
1128 2271 1343 2335 collectionem

201 2374 353 2455 reperitur
372 2409 424 2454 -,
447 2377 482 2436 nt
498 2374 613 2439 Fausto
634 2375 813 2440 ostenderet
830 2374 977 2458 precibus
998 2375 1124 2440 demum
1145 2375 1343 2455 secessisse,

202 2480 237 2541 ut
259 2476 401 2540 laudaret
415 2495 493 2560 opus
509 2478 662 2542 Faustum
678 2480 814 2543 amicum
830 2479 1030 2562 impugnans.
1069 2498 1165 2562 quare
1181 2477 1343 2544 Sidonium

202 2599 242 2644 ne
272 2580 430 2644 diuinasse
461 2583 598 2663 quidem,
629 2583 697 2664 quis
729 2587 814 2646 esset
833 2583 997 2647 Claudiani
1020 2583 1229 2664 aduersarius,
1259 2586 1343 2647 certe

202 2685 240 2748 de
263 2685 379 2748 Fausto
402 2685 503 2750 amico
526 2688 718 2750 mentionem
741 2687 912 2751 facientem
935 2687 1012 2767 eius,
1040 2707 1132 2771 quem
1158 2697 1271 2750 contra
1300 2684 1343 2748 lo·

202 2788 317 2872 poitur
344 2787 387 2872 (p.
404 2787 456 2870 55,
473 2788 575 2870 2011.)
600 2788 801 2872 Claudianus,
828 2809 891 2856 non
918 2792 1072 2876 cogitasse
1095 2791 1251 2856 Kruschio
1280 2809 1343 2856 non

202 2911 328 2974 prorsus
352 2893 589 2976 adstipulamur.

245 2997 325 3062 Miro
349 2997 441 3061 modo
464 2998 496 3062 in
520 2997 683 3063 Claudiani
710 2999 878 3080 codicibus,
909 3017 986 3083 quos
1018 3000 1164 3081 uidimus,
1195 3000 1342 3065 omnibus

203 3105 341 3166 extrema
363 3105 486 3166 tantum
510 3103 661 3184 epistulae
685 3104 794 3168 Fausti
820 3123 892 3187 pars
916 3105 954 3168 de
978 3105 1194 3188 corporalitate
1221 3107 1343 3168 creatu-

201 3225 307 3270 rarum
330 3206 401 3270 indc
425 3224 443 3270 a
465 3205 570 3271 uerbis
594 3207 765 3291 praecipis
788 3216 826 3269 ut
853 3207 1063 3293 respondeam
1085 3208 1128 3292 (p.
1149 3207 1221 3290 173,
1237 3207 1272 3293 9)
1293 3228 1343 3272 re-

202 3311 320 3392 peritm
335 3329 435 3392 neque
452 3310 570 3391 dubito,
587 3312 662 3393 quin
675 3310 829 3376 Gennadii
846 3313 952 3376 uerbis
969 3314 1050 3377 hanc
1065 3313 1191 3378 tertiam
1206 3316 1342 3394 tantum,

201 3419 237 3478 ut
259 3415 402 3495 diximus,
426 3419 549 3498 partem
572 3416 766 3498 respicientis
795 3417 832 3496 is,
861 3417 914 3499 qui
943 3418 1080 3482 codicem
1104 3417 1277 3498 Claudiani,
1306 3437 1342 3481 11

202 3537 261 3601 quo
289 3520 388 3582 nostri
409 3518 485 3583 libri
511 3519 658 3601 pendent,
690 3520 893 3604 archetypum
921 3522 1055 3605 scripsit,
1086 3527 1262 3588 commotus
1290 3522 1341 3601 sit,

201 3628 236 3687 ut
265 3624 341 3687 duas
371 3625 488 3705 priores
520 3625 671 3707 epistulae
698 3628 805 3707 partes
832 3631 997 3690 resecaret.
1044 3627 1099 3690 sed
1126 3627 1342 3692 Fordinandus

201 3727 322 3808 (labrcl,
350 3728 438 3791 ouius
462 3727 760 3793 commentationem
785 3730 822 3793 de
849 3728 939 3812 libro,
967 3731 1020 3812 qui
1047 3731 1171 3812 dieitm,
1198 3731 1342 3796 testimo·

201 3831 323 3895 niorum
351 3833 443 3896 modo
470 3832 798 3915 commemorabimus,
829 3836 972 3898 euincere
999 3835 1121 3899 studuit
1142 3835 1341 3901 Gennadium

201 3935 376 4018 significare
400 3937 449 4000 his
473 3935 577 4000 uerbis
601 3953 678 4019 opus
696 3937 805 4003 Fausti
828 3957 910 4003 nuno
926 3939 1132 4021 deperditum,
1155 3941 1242 4006 cuius
1258 3942 1342 4024 frag·

200 4043 343 4104 mentum
374 4043 509 4104 exstaret
538 4039 760 4107 Auctariorum
789 4044 889 4125 primo
919 4044 1031 4126 capite,
1063 4063 1142 4126 quae
1164 4045 1251 4110 Pitra
1277 4046 1297 4109 l.
1319 4045 1340 4109 l.

200 4143 278 4208 libro
301 4144 551 4208 testimoniorum
574 4146 686 4210 adiecit
709 4151 739 4211 et
766 4150 903 4230 —puto
931 4151 1040 4212 contra
1066 4150 1180 4214 codicis
1209 4151 1341 4215 auctori-

200 4251 299 4312 tatem
321 4283 364 4294 -
386 4247 425 4311 ab
448 4249 516 4332 ipso
536 4251 790 4316 testimoniorum
809 4251 887 4317 libro
909 4253 1052 4334 seiunxit,
1075 4258 1241 4337 propterea
1260 4254 1339 4337 quod

200 4351 285 4415 Pitra
312 4351 381 4416 illas
409 4355 608 4434 quaestiones
637 4357 668 4418 et
695 4355 924 4438 responsiones
952 4375 989 4419 ex
1016 4358 1128 4439 quibus
1151 4357 1231 4423 liber
1252 4359 1340 4423 testi·
