3100 4892
245 378 308 444 232
664 377 729 432 llll.
750 377 859 432 Sermo
878 381 957 435 2—3.

245 575 357 620 manus
382 559 463 634 luae,
490 557 526 618 ut
549 553 677 618 brachia
699 553 764 617 eins
791 570 846 635 pro
874 557 905 617 tc
932 556 1042 636 postea
1063 554 1201 638 figantur
1227 554 1259 618 in
1282 571 1380 617 cruce.

244 663 402 744 postremo
425 663 460 723 tu
483 658 527 723 illi
546 661 581 723 ut
603 661 703 722 mater
725 658 931 740 temporalem
954 658 1139 723 administra
1161 656 1382 738 substantiam,

245 768 280 829 ut
307 765 373 846 ipse
400 762 489 828 nobis
521 766 552 827 et
581 761 639 826 tibi
668 781 732 827 una
754 780 827 826 oum
848 765 937 845 patre
967 766 998 827 et
1027 781 1098 826 oum
1130 762 1244 846 spiritu
1275 766 1384 829 sancto

246 869 345 934 uitam
368 865 488 932 tribuat
510 867 744 950 sempiternum.
768 865 882 931 Amen.

785 1127 844 1190 ΠΙ.

504 1271 606 1312 SDRMO
629 1271 660 1312 lu
682 1269 799 1312 unum
823 1269 933 1312 eduum
956 1270 1121 1314 sumam.

290 1390 395 1456 Lectio
419 1389 629 1472 apostolorum
653 1392 790 1469 actuum,
818 1406 897 1471 quae
919 1388 1008 1454 nobis
1036 1389 1127 1455 hodie
1154 1392 1236 1455 lecta
1258 1396 1317 1471 ost,
1341 1392 1386 1455 di-

245 1493 408 1560 lectissimi
430 1494 552 1573 sratrcs‚
579 1493 845 1575 cumplurimum
871 1491 987 1558 habeat
1011 1493 1044 1558 in
1071 1494 1140 1578 ipsa
1162 1495 1263 1578 specie
1286 1496 1386 1559 admi·

246 1598 384 1678 rationis
420 1615 482 1662 non
516 1596 620 1662 minus
653 1599 760 1662 tumen
794 1597 933 1668 continet
965 1597 998 1661 in
1032 1599 1181 1681 mysterio
1214 1598 1385 1682 dignitatis.

196 1729 222 1768 10
249 1720 347 1782 ecce,
378 1701 481 1783 inquit
510 1701 620 1766 beatus
651 1699 843 1784 Stephanus,
877 1701 985 1766 uideo
1016 1703 1141 1767 caelos
1172 1707 1321 1784 apertos
1351 1706 1387 1767 et

248 1807 374 1872 filium
397 1805 555 1869 hominis
579 1808 742 1870 stantem
758 1824 776 1870 u
791 1805 933 1870 dextris
964 1806 1030 1869 dci.
1067 1807 1261 1872 considerato
1276 1807 1386 1872 adten-

249 1912 322 1992 tius,
346 1910 538 1975 dilectissimi
560 1909 681 1991 lratrcs
705 1928 777 1974 cum
792 1909 903 1975 heatus
926 1914 1044 1994 martyr
1060 1911 1221 1975 dominum
1243 1915 1385 1977 nostrum

250 2016 357 2079 lesum
382 2014 543 2079 Christum
565 2013 604 2078 ad
626 2015 786 2079 dexteram
809 2015 857 2078 dei
879 2016 978 2098 patris
1001 2018 1084 2079 stare
1107 2014 1248 2096 uidisset,
1275 2034 1386 2080 curse

250 2119 351 2184 filium
374 2118 508 2184 hominis
524 2118 628 2182 uidere
648 2122 783 2183 testatus
799 2123 847 2183 est
870 2123 900 2183 et
920 2138 982 2184 non
1004 2120 1109 2203 potius
1124 2118 1224 2184 lilium
1240 2120 1301 2200 dei,
1325 2121 1384 2203 [et]

197 2249 222 2288 rs
249 2243 320 2288 cum
344 2223 452 2306 utique
474 2223 545 2304 plns
569 2223 727 2287 delaturus
750 2223 874 2288 honoris
891 2223 1015 2288 domino
1038 2224 1206 2304 uideretur,
1230 2225 1257 2287 si
1281 2243 1314 2289 se
1337 2224 1386 2288 dei

248 2328 351 2411 potius
379 2345 474 2410 quum
501 2327 635 2391 hominis
662 2325 761 2391 filium
788 2326 894 2391 uidere
922 2327 1068 2391 dixisset?
1114 2328 1169 2392 sed
1197 2333 1283 2393 certa
1309 2329 1385 2393 ratio

248 2431 437 2515 postulabat,
462 2434 497 2495 ut
518 2432 576 2495 hoc
599 2432 642 2495 itu
657 2435 689 2495 ot
711 2431 926 2496 ostenderetur
948 2431 1081 2495 incaelo
1105 2436 1136 2496 et
1157 2432 1386 2514 praedicaretur

250 2537 282 2601 in
314 2535 439 2600 mundo.
494 2554 585 2600 omne
616 2536 698 2599 onim
729 2535 916 2600 ludaeorum
946 2535 1128 2600 scandalum
1158 2537 1192 2601 in
1221 2536 1281 2600 hoc
1311 2541 1386 2616 erat,

249 2660 303 2705 eur
326 2640 469 2705 dominus
493 2642 597 2704 nostor
620 2640 708 2704 Iesus
733 2638 886 2720 Christus,
910 2639 963 2722 qni
986 2640 1157 2704 secundum
1180 2658 1307 2704 carnem
1323 2645 1388 2705 erat

197 2771 223 2808 ac
250 2745 332 2809 lilius
353 2744 500 2825 hominis,
524 2763 592 2808 esse
608 2744 703 2809 etism
719 2744 769 2808 dei
788 2743 870 2809 fihus
887 2745 1048 2809 diceretur.
1085 2745 1155 2809 ideo
1170 2763 1244 2829 ergo
1259 2747 1387 2829 pulchre

250 2849 357 2912 diuina
387 2849 539 2931 scripture
565 2847 664 2913 filium
691 2849 826 2914 hominis
855 2847 893 2912 ad
921 2848 1080 2913 dexteram
1104 2849 1153 2913 dei
1179 2851 1277 2933 patris
1305 2855 1387 2914 stare

250 2953 447 3034 memorauit,
471 2956 507 3017 ut
530 2953 568 3016 ad
588 2952 839 3018 confundendam
855 2952 1042 3017 Iudaeorum
1065 2953 1314 3018 incredulitatem
1336 2954 1387 3018 ille

250 3057 378 3140 martyri
409 3057 626 3122 ostenderetur
660 3058 691 3121 in
723 3057 824 3138 caelo,
862 3055 915 3140 qui
946 3075 964 3120 u
993 3057 1118 3139 perfidis
1152 3057 1326 3141 negabatur
1355 3059 1387 3122 in

251 3160 376 3241 mundo,
405 3166 436 3226 et
462 3162 509 3226 illi
535 3162 749 3226 testimonium
777 3161 922 3226 coelestis
949 3163 1065 3227 ueritas
1093 3162 1190 3241 daret,
1217 3163 1267 3225 cui
1294 3162 1387 3226 fidem

198 3291 224 3330 ss
250 3269 372 3330 terrena
402 3263 546 3350 impietas
578 3265 755 3350 derogaret,
787 3267 883 3346 unde,
917 3266 990 3330 licet
1019 3267 1104 3330 iuxta
1132 3267 1306 3350 psalmum,
1336 3267 1388 3348 qui

355 3412 569 3481 mmmm

295 3555 423 3619 lposten
451 3551 684 3635 Aup2r0rter1)
732 3551 869 3620 fingantur
887 3554 917 3607 D
977 3552 1056 3606 usui
1078 3552 1108 3606 D
1164 3552 1334 3605 amministrat
1356 3552 1385 3607 D

251 3642 267 3694 6
286 3638 439 3691 desermone
459 3637 486 3691 in
505 3645 536 3692 nt
554 3639 591 3694 dci
609 3639 731 3708 stephani
750 3641 792 3706 D‚·
810 3646 896 3694 exstat
914 3641 958 3694 hic
975 3657 1060 3694 serum
1079 3641 1160 3693 diam
1177 3639 1254 3708 apod
1272 3639 1387 3693 Maxim.

252 3727 333 3781 Tam.
345 3725 437 3779 LVII
445 3729 497 3779 379
509 3726 548 3780 Μ.
563 3733 587 3780 et
599 3727 669 3780 inter
681 3743 815 3783 sermones
826 3727 977 3796 Aupustim'
990 3727 1087 3781 dubios
1098 3725 1176 3780 COX
1188 3727 1242 3792 (39,
1253 3729 1325 3780 2138
1337 3727 1388 3792 Μ.)

250 3813 332 3868 tuitio
340 3813 427 3880 paulo
439 3813 559 3868 audiere
613 3814 691 3880 'lque
704 3814 733 3867 D
786 3812 881 3866 hodiae
893 3814 923 3867 D
975 3815 991 3868 8
1008 3812 1108 3880 speciae
1125 3813 1155 3866 D
1208 3814 1241 3868 1o
1252 3811 1348 3881 inquid
1360 3813 1388 3867 D

251 3890 1388 3993 mmmmmrmmnmfflneme

250 4035 587 4105 clmi,decstapadd1cm
603 4039 806 4107 Tacretnup.
862 4041 893 4094 15
913 4008 965 4090 diro
983 4056 1016 4093 ex
1034 4035 1100 4091 ‹1er
1118 4038 1147 4091 D
1201 4040 1233 4093 16
1250 4003 1343 4107 pullus
1361 4039 1388 4092 D

250 4115 365 4204 retiomD
420 4147 626 4204 minuentur)
684 4151 717 4204 20
735 4149 884 4204 dicaeretur
901 4153 931 4205 D
982 4150 1072 4220 pulcre
1090 4151 1121 4204 D
1175 4153 1207 4206 21
1228 4151 1345 4205 ᾱοῐάοτῖ
1360 4153 1388 4206 D

250 4239 283 4292 22
309 4235 420 4290 iudeord
438 4235 467 4290 D
531 4235 575 4289 ille
594 4253 731 4305 suprascr.
750 4238 787 4306 D,
806 4236 845 4290 illi
864 4239 941 4292 Moe.
1004 4239 1037 4292 24
1055 4236 1184 4306 coelestitia
1203 4238 1232 4292 D
1285 4240 1318 4294 25
1336 4244 1386 4290 ter·

250 4341 329 4378 ruene
347 4324 376 4380 D
441 4323 580 4394 derogarat
600 4326 675 4379 Max.
