<?xml version="1.0" encoding="UTF-8"?>
<!DOCTYPE html PUBLIC "-//W3C//DTD XHTML 1.0 Transitional//EN"
    "http://www.w3.org/TR/xhtml1/DTD/xhtml1-transitional.dtd">
<html xmlns="http://www.w3.org/1999/xhtml" xml:lang="en" lang="en">
 <head>
  <title>
</title>
<meta http-equiv="Content-Type" content="text/html;charset=utf-8" />
  <meta name='ocr-system' content='tesseract 3.04.00' />
  <meta name='ocr-capabilities' content='ocr_page ocr_carea ocr_par ocr_line ocrx_word'/>
</head>
<body>
  <div class='ocr_page' id='page_1' title='image "./corpusscriptoru19wiengoog_0150.png"; bbox 0 0 3100 4892; ppageno 0'>
   <div class='ocr_carea' id='block_1_1' title="bbox 239 418 913 485">
    <p class='ocr_par' dir='ltr' id='par_1_1' title="bbox 239 418 913 485">
     <span class='ocr_line' id='line_1_1' title="bbox 239 418 913 485; baseline -0.004 -13"><span class='ocrx_word' id='word_1_1' title='bbox 239 421 282 484; x_wconf 82' lang='grc'>64</span> <span class='ocrx_word' id='word_1_2' title='bbox 702 418 723 472; x_wconf 92' lang='grc' dir='ltr'>Ι.</span> <span class='ocrx_word' id='word_1_3' title='bbox 743 418 787 471; x_wconf 87' lang='lat' dir='ltr'>De</span> <span class='ocrx_word' id='word_1_4' title='bbox 806 418 913 485; x_wconf 87' lang='lat' dir='ltr'>gratia</span> 
     </span>
    </p>
   </div>
   <div class='ocr_carea' id='block_1_2' title="bbox 183 592 1386 3699">
    <p class='ocr_par' dir='ltr' id='par_1_2' title="bbox 238 592 1386 989">
     <span class='ocr_line' id='line_1_2' title="bbox 239 592 1385 673; baseline 0 -16"><span class='ocrx_word' id='word_1_5' title='bbox 239 598 275 659; x_wconf 91' lang='lat' dir='ltr'>ut</span> <span class='ocrx_word' id='word_1_6' title='bbox 301 612 370 657; x_wconf 87' lang='lat' dir='ltr'>eam</span> <span class='ocrx_word' id='word_1_7' title='bbox 398 593 480 657; x_wconf 91' lang='lat' dir='ltr'>oculi</span> <span class='ocrx_word' id='word_1_8' title='bbox 507 593 589 656; x_wconf 92' lang='lat' dir='ltr'>acies</span> <span class='ocrx_word' id='word_1_9' title='bbox 611 592 855 673; x_wconf 89' lang='lat' dir='ltr'>contempletur,</span> <span class='ocrx_word' id='word_1_10' title='bbox 883 609 944 656; x_wconf 92' lang='lat' dir='ltr'>non</span> <span class='ocrx_word' id='word_1_11' title='bbox 968 594 1072 655; x_wconf 89' lang='lat' dir='ltr'>autem</span> <span class='ocrx_word' id='word_1_12' title='bbox 1097 592 1204 657; x_wconf 89' lang='lat' dir='ltr'>oculus</span> <span class='ocrx_word' id='word_1_13' title='bbox 1227 592 1319 671; x_wconf 83' lang='lat' dir='ltr'>lacit,</span> <span class='ocrx_word' id='word_1_14' title='bbox 1348 596 1385 657; x_wconf 89' lang='lat' dir='ltr'>ut</span> 
     </span>
     <span class='ocr_line' id='line_1_3' title="bbox 238 695 1384 779; baseline 0 -18"><span class='ocrx_word' id='word_1_15' title='bbox 238 716 288 762; x_wconf 89' lang='lat' dir='ltr'>res</span> <span class='ocrx_word' id='word_1_16' title='bbox 311 698 446 761; x_wconf 88' lang='lat' dir='ltr'>uidenda</span> <span class='ocrx_word' id='word_1_17' title='bbox 468 700 628 775; x_wconf 88' lang='lat' dir='ltr'>nascatur,</span> <span class='ocrx_word' id='word_1_18' title='bbox 655 696 701 759; x_wconf 92' lang='lat' dir='ltr'>ita</span> <span class='ocrx_word' id='word_1_19' title='bbox 723 700 754 761; x_wconf 93' lang='lat' dir='ltr'>et</span> <span class='ocrx_word' id='word_1_20' title='bbox 775 696 983 779; x_wconf 88' lang='lat' dir='ltr'>praescientia</span> <span class='ocrx_word' id='word_1_21' title='bbox 1005 695 1054 759; x_wconf 90' lang='lat' dir='ltr'>dei</span> <span class='ocrx_word' id='word_1_22' title='bbox 1082 714 1132 776; x_wconf 89' lang='lat' dir='ltr'>ea,</span> <span class='ocrx_word' id='word_1_23' title='bbox 1160 714 1239 778; x_wconf 86' lang='lat' dir='ltr'>quae</span> <span class='ocrx_word' id='word_1_24' title='bbox 1263 697 1301 760; x_wconf 92' lang='lat' dir='ltr'>de</span> <span class='ocrx_word' id='word_1_25' title='bbox 1326 696 1384 761; x_wconf 94' lang='lat' dir='ltr'>ho-</span> 
     </span>
     <span class='ocr_line' id='line_1_4' title="bbox 238 800 1384 883; baseline -0.001 -17"><span class='ocrx_word' id='word_1_26' title='bbox 238 803 332 866; x_wconf 92' lang='lat' dir='ltr'>minis</span> <span class='ocrx_word' id='word_1_27' title='bbox 355 801 475 866; x_wconf 89' lang='lat' dir='ltr'>meritis</span> <span class='ocrx_word' id='word_1_28' title='bbox 498 804 643 864; x_wconf 87' lang='lat' dir='ltr'>secutura</span> <span class='ocrx_word' id='word_1_29' title='bbox 666 804 750 880; x_wconf 92' lang='lat' dir='ltr'>sunt,</span> <span class='ocrx_word' id='word_1_30' title='bbox 773 818 837 864; x_wconf 89' lang='lat' dir='ltr'>non</span> <span class='ocrx_word' id='word_1_31' title='bbox 860 803 895 863; x_wconf 91' lang='lat' dir='ltr'>ut</span> <span class='ocrx_word' id='word_1_32' title='bbox 916 800 1061 864; x_wconf 86' lang='lat' dir='ltr'>eueniant</span> <span class='ocrx_word' id='word_1_33' title='bbox 1081 800 1185 883; x_wconf 81' lang='lat' dir='ltr'>exigit,</span> <span class='ocrx_word' id='word_1_34' title='bbox 1210 801 1264 864; x_wconf 89' lang='lat' dir='ltr'>sed</span> <span class='ocrx_word' id='word_1_35' title='bbox 1284 820 1384 865; x_wconf 91' lang='lat' dir='ltr'>euen-</span> 
     </span>
     <span class='ocr_line' id='line_1_5' title="bbox 239 904 1386 989; baseline -0.002 -18"><span class='ocrx_word' id='word_1_36' title='bbox 239 910 310 971; x_wconf 89' lang='lat' dir='ltr'>tura</span> <span class='ocrx_word' id='word_1_37' title='bbox 331 906 510 989; x_wconf 87' lang='lat' dir='ltr'>praecurrit.</span> <span class='ocrx_word' id='word_1_38' title='bbox 557 909 589 969; x_wconf 93' lang='lat' dir='ltr'>et</span> <span class='ocrx_word' id='word_1_39' title='bbox 611 904 685 986; x_wconf 89' lang='lat' dir='ltr'>quia</span> <span class='ocrx_word' id='word_1_40' title='bbox 707 904 804 967; x_wconf 88' lang='lat' dir='ltr'>sacris</span> <span class='ocrx_word' id='word_1_41' title='bbox 828 905 957 986; x_wconf 86' lang='lat' dir='ltr'>eloquiis</span> <span class='ocrx_word' id='word_1_42' title='bbox 981 904 1076 969; x_wconf 87' lang='lat' dir='ltr'>moris</span> <span class='ocrx_word' id='word_1_43' title='bbox 1100 908 1157 985; x_wconf 90' lang='lat' dir='ltr'>est,</span> <span class='ocrx_word' id='word_1_44' title='bbox 1184 907 1219 968; x_wconf 92' lang='lat' dir='ltr'>ut</span> <span class='ocrx_word' id='word_1_45' title='bbox 1246 924 1304 988; x_wconf 92' lang='lat' dir='ltr'>per</span> <span class='ocrx_word' id='word_1_46' title='bbox 1327 906 1386 969; x_wconf 90' lang='lat' dir='ltr'>ad-</span> 
     </span>
    </p>

    <p class='ocr_par' dir='ltr' id='par_1_3' title="bbox 187 1008 1386 2033">
     <span class='ocr_line' id='line_1_6' title="bbox 198 1008 1386 1093; baseline -0.001 -18"><span class='ocrx_word' id='word_1_47' title='bbox 198 1037 211 1077; x_wconf 77' lang='lat' dir='ltr'>e</span> <span class='ocrx_word' id='word_1_48' title='bbox 238 1014 398 1093; x_wconf 87' lang='lat' dir='ltr'>sumptam</span> <span class='ocrx_word' id='word_1_49' title='bbox 426 1027 654 1091; x_wconf 80' lang='lat' dir='ltr'>quamcumque</span> <span class='ocrx_word' id='word_1_50' title='bbox 682 1008 921 1072; x_wconf 89' lang='lat' dir='ltr'>similitudinem</span> <span class='ocrx_word' id='word_1_51' title='bbox 949 1009 1134 1072; x_wconf 76' lang='lat' dir='ltr'>asserendae</span> <span class='ocrx_word' id='word_1_52' title='bbox 1161 1008 1206 1072; x_wconf 91' lang='lat' dir='ltr'>rei</span> <span class='ocrx_word' id='word_1_53' title='bbox 1236 1009 1386 1091; x_wconf 85' lang='lat' dir='ltr'>aperiant</span> 
     </span>
     <span class='ocr_line' id='line_1_7' title="bbox 237 1112 1386 1195; baseline -0.001 -17"><span class='ocrx_word' id='word_1_54' title='bbox 237 1116 417 1194; x_wconf 86' lang='lat' dir='ltr'>ueritatem,</span> <span class='ocrx_word' id='word_1_55' title='bbox 445 1114 526 1178; x_wconf 90' lang='lat' dir='ltr'>sicut</span> <span class='ocrx_word' id='word_1_56' title='bbox 553 1113 709 1177; x_wconf 88' lang='lat' dir='ltr'>interdum</span> <span class='ocrx_word' id='word_1_57' title='bbox 737 1112 787 1176; x_wconf 93' lang='lat' dir='ltr'>uel</span> <span class='ocrx_word' id='word_1_58' title='bbox 811 1130 908 1195; x_wconf 89' lang='lat' dir='ltr'>grano</span> <span class='ocrx_word' id='word_1_59' title='bbox 932 1112 1033 1195; x_wconf 83' lang='lat' dir='ltr'>sinapi</span> <span class='ocrx_word' id='word_1_60' title='bbox 1056 1113 1107 1176; x_wconf 95' lang='lat' dir='ltr'>uel</span> <span class='ocrx_word' id='word_1_61' title='bbox 1130 1112 1285 1177; x_wconf 87' lang='lat' dir='ltr'>fermento</span> <span class='ocrx_word' id='word_1_62' title='bbox 1311 1132 1386 1177; x_wconf 94' lang='lat' dir='ltr'>mu·</span> 
     </span>
     <span class='ocr_line' id='line_1_8' title="bbox 236 1218 1385 1302; baseline -0.001 -19"><span class='ocrx_word' id='word_1_63' title='bbox 236 1220 321 1283; x_wconf 91' lang='lat' dir='ltr'>lieris</span> <span class='ocrx_word' id='word_1_64' title='bbox 345 1219 543 1302; x_wconf 88' lang='lat' dir='ltr'>euangelicae</span> <span class='ocrx_word' id='word_1_65' title='bbox 567 1218 617 1281; x_wconf 91' lang='lat' dir='ltr'>uel</span> <span class='ocrx_word' id='word_1_66' title='bbox 641 1235 775 1300; x_wconf 84' lang='lat' dir='ltr'>sagenae</span> <span class='ocrx_word' id='word_1_67' title='bbox 804 1218 917 1280; x_wconf 86' lang='lat' dir='ltr'>missae</span> <span class='ocrx_word' id='word_1_68' title='bbox 945 1218 976 1281; x_wconf 94' lang='lat' dir='ltr'>in</span> <span class='ocrx_word' id='word_1_69' title='bbox 1004 1235 1089 1281; x_wconf 88' lang='lat' dir='ltr'>mare</span> <span class='ocrx_word' id='word_1_70' title='bbox 1118 1221 1157 1298; x_wconf 93' lang='lat' dir='ltr'>et,</span> <span class='ocrx_word' id='word_1_71' title='bbox 1186 1236 1265 1299; x_wconf 88' lang='lat' dir='ltr'>quae</span> <span class='ocrx_word' id='word_1_72' title='bbox 1289 1219 1385 1300; x_wconf 89' lang='lat' dir='ltr'>plura</span> 
     </span>
     <span class='ocr_line' id='line_1_9' title="bbox 237 1322 1386 1406; baseline -0.001 -19"><span class='ocrx_word' id='word_1_73' title='bbox 237 1324 312 1388; x_wconf 88' lang='lat' dir='ltr'>talia</span> <span class='ocrx_word' id='word_1_74' title='bbox 328 1328 411 1402; x_wconf 89' lang='lat' dir='ltr'>sunt,</span> <span class='ocrx_word' id='word_1_75' title='bbox 428 1341 560 1406; x_wconf 90' lang='lat' dir='ltr'>regnum</span> <span class='ocrx_word' id='word_1_76' title='bbox 576 1323 733 1385; x_wconf 88' lang='lat' dir='ltr'>caelorum</span> <span class='ocrx_word' id='word_1_77' title='bbox 748 1323 882 1404; x_wconf 92' lang='lat' dir='ltr'>legimus</span> <span class='ocrx_word' id='word_1_78' title='bbox 899 1322 1070 1403; x_wconf 88' lang='lat' dir='ltr'>conparari,</span> <span class='ocrx_word' id='word_1_79' title='bbox 1089 1322 1180 1385; x_wconf 88' lang='lat' dir='ltr'>itaet</span> <span class='ocrx_word' id='word_1_80' title='bbox 1196 1340 1251 1385; x_wconf 92' lang='lat' dir='ltr'>nos</span> <span class='ocrx_word' id='word_1_81' title='bbox 1269 1322 1386 1387; x_wconf 85' lang='lat' dir='ltr'>dietin-</span> 
     </span>
     <span class='ocr_line' id='line_1_10' title="bbox 237 1427 1383 1512; baseline -0.001 -21"><span class='ocrx_word' id='word_1_82' title='bbox 237 1448 331 1512; x_wconf 91' lang='lat' dir='ltr'>guore</span> <span class='ocrx_word' id='word_1_83' title='bbox 362 1430 522 1509; x_wconf 84' lang='lat' dir='ltr'>cupientes</span> <span class='ocrx_word' id='word_1_84' title='bbox 554 1428 659 1490; x_wconf 86' lang='lat' dir='ltr'>futura</span> <span class='ocrx_word' id='word_1_85' title='bbox 688 1427 831 1490; x_wconf 85' lang='lat' dir='ltr'>instituto</span> <span class='ocrx_word' id='word_1_86' title='bbox 861 1445 960 1509; x_wconf 90' lang='lat' dir='ltr'>genus</span> <span class='ocrx_word' id='word_1_87' title='bbox 991 1427 1146 1509; x_wconf 87' lang='lat' dir='ltr'>colligitm·</span> <span class='ocrx_word' id='word_1_88' title='bbox 1173 1427 1383 1508; x_wconf 90' lang='lat' dir='ltr'>praesciendi.</span> 
     </span>
     <span class='ocr_line' id='line_1_11' title="bbox 187 1530 1385 1615; baseline -0.001 -19"><span class='ocrx_word' id='word_1_89' title='bbox 187 1559 212 1596; x_wconf 79' lang='lat' dir='ltr'>ro</span> <span class='ocrx_word' id='word_1_90' title='bbox 238 1531 359 1613; x_wconf 89' lang='lat' dir='ltr'>quodsi</span> <span class='ocrx_word' id='word_1_91' title='bbox 375 1532 530 1614; x_wconf 86' lang='lat' dir='ltr'>praescire</span> <span class='ocrx_word' id='word_1_92' title='bbox 546 1531 720 1614; x_wconf 82' lang='lat' dir='ltr'>conpellere</span> <span class='ocrx_word' id='word_1_93' title='bbox 744 1535 803 1611; x_wconf 91' lang='lat' dir='ltr'>est,</span> <span class='ocrx_word' id='word_1_94' title='bbox 824 1531 877 1612; x_wconf 91' lang='lat' dir='ltr'>qui</span> <span class='ocrx_word' id='word_1_95' title='bbox 897 1530 1060 1613; x_wconf 88' lang='lat' dir='ltr'>praeuidet</span> <span class='ocrx_word' id='word_1_96' title='bbox 1078 1534 1285 1613; x_wconf 88' lang='lat' dir='ltr'>peccatorem,</span> <span class='ocrx_word' id='word_1_97' title='bbox 1307 1544 1385 1615; x_wconf 90' lang='lat' dir='ltr'>ergo</span> 
     </span>
     <span class='ocr_line' id='line_1_12' title="bbox 236 1634 1385 1719; baseline 0 -20"><span class='ocrx_word' id='word_1_98' title='bbox 236 1638 303 1719; x_wconf 92' lang='lat' dir='ltr'>ipse</span> <span class='ocrx_word' id='word_1_99' title='bbox 331 1654 426 1700; x_wconf 88' lang='lat' dir='ltr'>causa</span> <span class='ocrx_word' id='word_1_100' title='bbox 451 1636 570 1718; x_wconf 81' lang='lat' dir='ltr'>peccat-i</span> <span class='ocrx_word' id='word_1_101' title='bbox 599 1639 666 1699; x_wconf 80' lang='lat' dir='ltr'>est?</span> <span class='ocrx_word' id='word_1_102' title='bbox 711 1635 847 1717; x_wconf 90' lang='lat' dir='ltr'>praescit</span> <span class='ocrx_word' id='word_1_103' title='bbox 874 1634 1061 1698; x_wconf 81' lang='lat' dir='ltr'>adulterium</span> <span class='ocrx_word' id='word_1_104' title='bbox 1088 1635 1179 1713; x_wconf 86' lang='lat' dir='ltr'>deus,</span> <span class='ocrx_word' id='word_1_105' title='bbox 1211 1652 1285 1718; x_wconf 90' lang='lat' dir='ltr'>ergo</span> <span class='ocrx_word' id='word_1_106' title='bbox 1313 1636 1385 1717; x_wconf 91' lang='lat' dir='ltr'>ipse</span> 
     </span>
     <span class='ocr_line' id='line_1_13' title="bbox 237 1738 1384 1823; baseline -0.002 -18"><span class='ocrx_word' id='word_1_107' title='bbox 237 1759 308 1805; x_wconf 90' lang='lat' dir='ltr'>ossa</span> <span class='ocrx_word' id='word_1_108' title='bbox 332 1745 363 1805; x_wconf 84' lang='lat' dir='ltr'>et</span> <span class='ocrx_word' id='word_1_109' title='bbox 384 1740 537 1804; x_wconf 90' lang='lat' dir='ltr'>medullas</span> <span class='ocrx_word' id='word_1_110' title='bbox 565 1740 689 1823; x_wconf 87' lang='lat' dir='ltr'>ignibus</span> <span class='ocrx_word' id='word_1_111' title='bbox 712 1739 839 1805; x_wconf 83' lang='lat' dir='ltr'>obsceni</span> <span class='ocrx_word' id='word_1_112' title='bbox 861 1740 973 1803; x_wconf 82' lang='lat' dir='ltr'>luroris</span> <span class='ocrx_word' id='word_1_113' title='bbox 1000 1738 1197 1803; x_wconf 81' lang='lat' dir='ltr'>inflammat?</span> <span class='ocrx_word' id='word_1_114' title='bbox 1241 1740 1384 1821; x_wconf 85' lang='lat' dir='ltr'>praescit</span> 
     </span>
     <span class='ocr_line' id='line_1_14' title="bbox 237 1842 1384 1926; baseline -0.001 -18"><span class='ocrx_word' id='word_1_115' title='bbox 237 1846 313 1908; x_wconf 91' lang='lat' dir='ltr'>deus</span> <span class='ocrx_word' id='word_1_116' title='bbox 333 1845 533 1924; x_wconf 86' lang='lat' dir='ltr'>homicidam,</span> <span class='ocrx_word' id='word_1_117' title='bbox 557 1844 709 1926; x_wconf 88' lang='lat' dir='ltr'>numquid</span> <span class='ocrx_word' id='word_1_118' title='bbox 726 1844 793 1926; x_wconf 90' lang='lat' dir='ltr'>ipse</span> <span class='ocrx_word' id='word_1_119' title='bbox 809 1843 956 1907; x_wconf 82' lang='lat' dir='ltr'>bestiales</span> <span class='ocrx_word' id='word_1_120' title='bbox 977 1847 1080 1907; x_wconf 88' lang='lat' dir='ltr'>motus</span> <span class='ocrx_word' id='word_1_121' title='bbox 1096 1842 1286 1925; x_wconf 89' lang='lat' dir='ltr'>perturbatis</span> <span class='ocrx_word' id='word_1_122' title='bbox 1308 1862 1384 1907; x_wconf 87' lang='lat' dir='ltr'>sen-</span> 
     </span>
     <span class='ocr_line' id='line_1_15' title="bbox 237 1948 1383 2033; baseline -0.002 -20"><span class='ocrx_word' id='word_1_123' title='bbox 237 1949 324 2013; x_wconf 90' lang='lat' dir='ltr'>sibus</span> <span class='ocrx_word' id='word_1_124' title='bbox 347 1950 502 2033; x_wconf 85' lang='lat' dir='ltr'>suggerit,</span> <span class='ocrx_word' id='word_1_125' title='bbox 530 1950 596 2031; x_wconf 89' lang='lat' dir='ltr'>ipse</span> <span class='ocrx_word' id='word_1_126' title='bbox 624 1949 662 2013; x_wconf 87' lang='lat' dir='ltr'>ad</span> <span class='ocrx_word' id='word_1_127' title='bbox 685 1948 899 2032; x_wconf 88' lang='lat' dir='ltr'>paragendum</span> <span class='ocrx_word' id='word_1_128' title='bbox 922 1949 1044 2012; x_wconf 86' lang='lat' dir='ltr'>facinus</span> <span class='ocrx_word' id='word_1_129' title='bbox 1067 1948 1205 2031; x_wconf 87' lang='lat' dir='ltr'>gladium</span> <span class='ocrx_word' id='word_1_130' title='bbox 1229 1952 1383 2013; x_wconf 81' lang='lat' dir='ltr'>eruentae</span> 
     </span>
    </p>

    <p class='ocr_par' dir='ltr' id='par_1_4' title="bbox 183 2052 1384 3596">
     <span class='ocr_line' id='line_1_16' title="bbox 185 2052 1384 2135; baseline -0.002 -18"><span class='ocrx_word' id='word_1_131' title='bbox 185 2078 211 2117; x_wconf 79' lang='lat'>1⁵</span> <span class='ocrx_word' id='word_1_132' title='bbox 237 2055 351 2117; x_wconf 90' lang='lat' dir='ltr'>mentis</span> <span class='ocrx_word' id='word_1_133' title='bbox 376 2054 518 2117; x_wconf 77' lang='lat' dir='ltr'>exacuit?</span> <span class='ocrx_word' id='word_1_134' title='bbox 556 2053 690 2135; x_wconf 88' lang='lat' dir='ltr'>praescit</span> <span class='ocrx_word' id='word_1_135' title='bbox 714 2053 857 2135; x_wconf 90' lang='lat' dir='ltr'>impium,</span> <span class='ocrx_word' id='word_1_136' title='bbox 882 2071 954 2135; x_wconf 91' lang='lat' dir='ltr'>ergo</span> <span class='ocrx_word' id='word_1_137' title='bbox 977 2053 1043 2134; x_wconf 91' lang='lat' dir='ltr'>ipse</span> <span class='ocrx_word' id='word_1_138' title='bbox 1067 2053 1106 2115; x_wconf 89' lang='lat' dir='ltr'>ad</span> <span class='ocrx_word' id='word_1_139' title='bbox 1128 2052 1258 2135; x_wconf 87' lang='lat' dir='ltr'>profana</span> <span class='ocrx_word' id='word_1_140' title='bbox 1282 2052 1384 2116; x_wconf 86' lang='lat' dir='ltr'>sacri-</span> 
     </span>
     <span class='ocr_line' id='line_1_17' title="bbox 236 2157 1384 2240; baseline -0.002 -19"><span class='ocrx_word' id='word_1_141' title='bbox 236 2157 307 2221; x_wconf 87' lang='lat' dir='ltr'>ficia</span> <span class='ocrx_word' id='word_1_142' title='bbox 334 2158 480 2240; x_wconf 89' lang='lat' dir='ltr'>spiritum</span> <span class='ocrx_word' id='word_1_143' title='bbox 508 2158 660 2221; x_wconf 89' lang='lat' dir='ltr'>dementis</span> <span class='ocrx_word' id='word_1_144' title='bbox 688 2158 839 2240; x_wconf 79' lang='lat' dir='ltr'>instigat?</span> <span class='ocrx_word' id='word_1_145' title='bbox 890 2157 973 2220; x_wconf 82' lang='lat' dir='ltr'>itane</span> <span class='ocrx_word' id='word_1_146' title='bbox 1001 2174 1133 2237; x_wconf 89' lang='lat' dir='ltr'>quarum</span> <span class='ocrx_word' id='word_1_147' title='bbox 1162 2174 1266 2219; x_wconf 89' lang='lat' dir='ltr'>rerum</span> <span class='ocrx_word' id='word_1_148' title='bbox 1295 2157 1384 2220; x_wconf 92' lang='lat' dir='ltr'>ultor</span> 
     </span>
     <span class='ocr_line' id='line_1_18' title="bbox 237 2260 1383 2343; baseline -0.002 -18"><span class='ocrx_word' id='word_1_149' title='bbox 237 2266 298 2343; x_wconf 91' lang='lat' dir='ltr'>est,</span> <span class='ocrx_word' id='word_1_150' title='bbox 330 2280 438 2325; x_wconf 89' lang='lat' dir='ltr'>earum</span> <span class='ocrx_word' id='word_1_151' title='bbox 467 2265 498 2325; x_wconf 90' lang='lat' dir='ltr'>et</span> <span class='ocrx_word' id='word_1_152' title='bbox 528 2266 634 2325; x_wconf 87' lang='lat' dir='ltr'>auctor</span> <span class='ocrx_word' id='word_1_153' title='bbox 665 2280 733 2324; x_wconf 89' lang='lat' dir='ltr'>esse</span> <span class='ocrx_word' id='word_1_154' title='bbox 763 2260 935 2325; x_wconf 88' lang='lat' dir='ltr'>credendus</span> <span class='ocrx_word' id='word_1_155' title='bbox 967 2263 1035 2323; x_wconf 81' lang='lat' dir='ltr'>est?</span> <span class='ocrx_word' id='word_1_156' title='bbox 1066 2264 1097 2324; x_wconf 91' lang='lat' dir='ltr'>et</span> <span class='ocrx_word' id='word_1_157' title='bbox 1126 2260 1206 2324; x_wconf 90' lang='lat' dir='ltr'>inter</span> <span class='ocrx_word' id='word_1_158' title='bbox 1233 2260 1311 2323; x_wconf 89' lang='lat' dir='ltr'>haee</span> <span class='ocrx_word' id='word_1_159' title='bbox 1343 2260 1383 2323; x_wconf 86' lang='lat' dir='ltr'>ad</span> 
     </span>
     <span class='ocr_line' id='line_1_19' title="bbox 236 2364 1383 2448; baseline -0.003 -17"><span class='ocrx_word' id='word_1_160' title='bbox 236 2368 355 2431; x_wconf 86' lang='lat' dir='ltr'>malurn</span> <span class='ocrx_word' id='word_1_161' title='bbox 376 2384 542 2448; x_wconf 87' lang='lat' dir='ltr'>perurgere</span> <span class='ocrx_word' id='word_1_162' title='bbox 561 2365 744 2429; x_wconf 88' lang='lat' dir='ltr'>iudicandus</span> <span class='ocrx_word' id='word_1_163' title='bbox 768 2368 817 2429; x_wconf 88' lang='lat' dir='ltr'>est</span> <span class='ocrx_word' id='word_1_164' title='bbox 839 2364 980 2447; x_wconf 89' lang='lat' dir='ltr'>captiuae</span> <span class='ocrx_word' id='word_1_165' title='bbox 1004 2365 1173 2429; x_wconf 88' lang='lat' dir='ltr'>uoluntatis</span> <span class='ocrx_word' id='word_1_166' title='bbox 1197 2365 1383 2445; x_wconf 87' lang='lat' dir='ltr'>adsensum,</span> 
     </span>
     <span class='ocr_line' id='line_1_20' title="bbox 236 2468 1383 2553; baseline -0.003 -18"><span class='ocrx_word' id='word_1_167' title='bbox 236 2471 290 2553; x_wconf 93' lang='lat' dir='ltr'>qui</span> <span class='ocrx_word' id='word_1_168' title='bbox 317 2490 375 2534; x_wconf 90' lang='lat' dir='ltr'>nec</span> <span class='ocrx_word' id='word_1_169' title='bbox 402 2470 525 2534; x_wconf 86' lang='lat' dir='ltr'>diabolo</span> <span class='ocrx_word' id='word_1_170' title='bbox 553 2469 728 2552; x_wconf 90' lang='lat' dir='ltr'>conpellere</span> <span class='ocrx_word' id='word_1_171' title='bbox 757 2470 901 2553; x_wconf 85' lang='lat' dir='ltr'>permisit</span> <span class='ocrx_word' id='word_1_172' title='bbox 929 2468 1087 2533; x_wconf 81' lang='lat' dir='ltr'>inuitum?</span> <span class='ocrx_word' id='word_1_173' title='bbox 1141 2470 1286 2533; x_wconf 87' lang='lat' dir='ltr'>uoluntas</span> <span class='ocrx_word' id='word_1_174' title='bbox 1321 2472 1383 2548; x_wconf 91' lang='lat' dir='ltr'>est,</span> 
     </span>
     <span class='ocr_line' id='line_1_21' title="bbox 183 2572 1382 2658; baseline -0.003 -19"><span class='ocrx_word' id='word_1_175' title='bbox 183 2600 209 2639; x_wconf 80' lang='lat' dir='ltr'>ro</span> <span class='ocrx_word' id='word_1_176' title='bbox 235 2593 314 2658; x_wconf 89' lang='lat' dir='ltr'>quae</span> <span class='ocrx_word' id='word_1_177' title='bbox 337 2578 481 2657; x_wconf 86' lang='lat' dir='ltr'>operatur</span> <span class='ocrx_word' id='word_1_178' title='bbox 504 2574 667 2654; x_wconf 90' lang='lat' dir='ltr'>delictum,</span> <span class='ocrx_word' id='word_1_179' title='bbox 691 2574 838 2637; x_wconf 90' lang='lat' dir='ltr'>uoluntas</span> <span class='ocrx_word' id='word_1_180' title='bbox 862 2578 924 2653; x_wconf 89' lang='lat' dir='ltr'>est,</span> <span class='ocrx_word' id='word_1_181' title='bbox 952 2591 1031 2654; x_wconf 89' lang='lat' dir='ltr'>quae</span> <span class='ocrx_word' id='word_1_182' title='bbox 1054 2576 1193 2637; x_wconf 87' lang='lat' dir='ltr'>meretur</span> <span class='ocrx_word' id='word_1_183' title='bbox 1215 2572 1382 2637; x_wconf 80' lang='lat' dir='ltr'>auxilium.</span> 
     </span>
     <span class='ocr_line' id='line_1_22' title="bbox 278 2677 1382 2761; baseline -0.003 -17"><span class='ocrx_word' id='word_1_184' title='bbox 278 2679 338 2744; x_wconf 87' lang='lat' dir='ltr'>Sed</span> <span class='ocrx_word' id='word_1_185' title='bbox 365 2679 456 2743; x_wconf 89' lang='lat' dir='ltr'>dicis:</span> <span class='ocrx_word' id='word_1_186' title='bbox 484 2679 609 2742; x_wconf 90' lang='lat' dir='ltr'>inuenio</span> <span class='ocrx_word' id='word_1_187' title='bbox 637 2679 690 2742; x_wconf 92' lang='lat' dir='ltr'>ubi</span> <span class='ocrx_word' id='word_1_188' title='bbox 717 2679 786 2742; x_wconf 91' lang='lat' dir='ltr'>sola</span> <span class='ocrx_word' id='word_1_189' title='bbox 812 2678 914 2761; x_wconf 89' lang='lat' dir='ltr'>gratia</span> <span class='ocrx_word' id='word_1_190' title='bbox 943 2679 1010 2742; x_wconf 91' lang='lat' dir='ltr'>sine</span> <span class='ocrx_word' id='word_1_191' title='bbox 1042 2680 1191 2742; x_wconf 85' lang='lat' dir='ltr'>societate</span> <span class='ocrx_word' id='word_1_192' title='bbox 1218 2677 1382 2742; x_wconf 87' lang='lat' dir='ltr'>humanae</span> 
     </span>
     <span class='ocr_line' id='line_1_23' title="bbox 234 2781 1383 2865; baseline 0 -18"><span class='ocrx_word' id='word_1_193' title='bbox 234 2783 405 2847; x_wconf 90' lang='lat' dir='ltr'>uoluntatis</span> <span class='ocrx_word' id='word_1_194' title='bbox 436 2786 589 2864; x_wconf 91' lang='lat' dir='ltr'>operetur,</span> <span class='ocrx_word' id='word_1_195' title='bbox 620 2800 694 2847; x_wconf 86' lang='lat' dir='ltr'>nam</span> <span class='ocrx_word' id='word_1_196' title='bbox 717 2782 749 2846; x_wconf 93' lang='lat' dir='ltr'>in</span> <span class='ocrx_word' id='word_1_197' title='bbox 769 2782 934 2845; x_wconf 88' lang='lat' dir='ltr'>Bethleem</span> <span class='ocrx_word' id='word_1_198' title='bbox 958 2782 1060 2846; x_wconf 91' lang='lat' dir='ltr'>omnis</span> <span class='ocrx_word' id='word_1_199' title='bbox 1083 2781 1298 2846; x_wconf 90' lang='lat' dir='ltr'>innocentium</span> <span class='ocrx_word' id='word_1_200' title='bbox 1323 2800 1383 2865; x_wconf 91' lang='lat' dir='ltr'>po-</span> 
     </span>
     <span class='ocr_line' id='line_1_24' title="bbox 234 2886 1383 2971; baseline -0.001 -20"><span class='ocrx_word' id='word_1_201' title='bbox 234 2888 327 2971; x_wconf 91' lang='lat' dir='ltr'>pulus</span> <span class='ocrx_word' id='word_1_202' title='bbox 350 2891 416 2951; x_wconf 87' lang='lat' dir='ltr'>tam</span> <span class='ocrx_word' id='word_1_203' title='bbox 439 2886 565 2951; x_wconf 88' lang='lat' dir='ltr'>beatam</span> <span class='ocrx_word' id='word_1_204' title='bbox 592 2890 724 2951; x_wconf 90' lang='lat' dir='ltr'>mortem</span> <span class='ocrx_word' id='word_1_205' title='bbox 755 2905 791 2949; x_wconf 87' lang='lat' dir='ltr'>err</span> <span class='ocrx_word' id='word_1_206' title='bbox 819 2886 886 2949; x_wconf 89' lang='lat' dir='ltr'>sola</span> <span class='ocrx_word' id='word_1_207' title='bbox 913 2886 962 2949; x_wconf 90' lang='lat' dir='ltr'>dei</span> <span class='ocrx_word' id='word_1_208' title='bbox 987 2886 1271 2968; x_wconf 87' lang='lat' dir='ltr'>praedestinatione</span> <span class='ocrx_word' id='word_1_209' title='bbox 1302 2902 1383 2950; x_wconf 90' lang='lat' dir='ltr'>oon-</span> 
     </span>
     <span class='ocr_line' id='line_1_25' title="bbox 235 2990 1382 3073; baseline -0.001 -18"><span class='ocrx_word' id='word_1_210' title='bbox 235 2992 384 3073; x_wconf 89' lang='lat' dir='ltr'>sequitur.</span> <span class='ocrx_word' id='word_1_211' title='bbox 429 3009 491 3055; x_wconf 91' lang='lat' dir='ltr'>uon</span> <span class='ocrx_word' id='word_1_212' title='bbox 518 2993 562 3055; x_wconf 85' lang='lat' dir='ltr'>ita</span> <span class='ocrx_word' id='word_1_213' title='bbox 589 2994 645 3054; x_wconf 93' lang='lat' dir='ltr'>est.</span> <span class='ocrx_word' id='word_1_214' title='bbox 693 3009 766 3054; x_wconf 91' lang='lat' dir='ltr'>nam</span> <span class='ocrx_word' id='word_1_215' title='bbox 794 2994 862 3054; x_wconf 91' lang='lat' dir='ltr'>tum</span> <span class='ocrx_word' id='word_1_216' title='bbox 890 2990 1020 3054; x_wconf 82' lang='lat' dir='ltr'>forsitan</span> <span class='ocrx_word' id='word_1_217' title='bbox 1043 2991 1139 3054; x_wconf 92' lang='lat' dir='ltr'>solius</span> <span class='ocrx_word' id='word_1_218' title='bbox 1162 2991 1281 3072; x_wconf 87' lang='lat' dir='ltr'>gratiae</span> <span class='ocrx_word' id='word_1_219' title='bbox 1305 3008 1382 3054; x_wconf 89' lang='lat' dir='ltr'>uer-</span> 
     </span>
     <span class='ocr_line' id='line_1_26' title="bbox 183 3092 1381 3179; baseline -0.001 -20"><span class='ocrx_word' id='word_1_220' title='bbox 183 3120 208 3159; x_wconf 71' lang='lat' dir='ltr'>sa</span> <span class='ocrx_word' id='word_1_221' title='bbox 235 3100 354 3160; x_wconf 90' lang='lat' dir='ltr'>teretur</span> <span class='ocrx_word' id='word_1_222' title='bbox 365 3096 513 3179; x_wconf 85' lang='lat' dir='ltr'>operatio,</span> <span class='ocrx_word' id='word_1_223' title='bbox 529 3096 556 3159; x_wconf 93' lang='lat' dir='ltr'>si</span> <span class='ocrx_word' id='word_1_224' title='bbox 570 3096 744 3160; x_wconf 88' lang='lat' dir='ltr'>innocentis</span> <span class='ocrx_word' id='word_1_225' title='bbox 761 3094 921 3178; x_wconf 90' lang='lat' dir='ltr'>sanguinis</span> <span class='ocrx_word' id='word_1_226' title='bbox 938 3112 1000 3157; x_wconf 93' lang='lat' dir='ltr'>non</span> <span class='ocrx_word' id='word_1_227' title='bbox 1014 3094 1240 3158; x_wconf 89' lang='lat' dir='ltr'>intercessisset</span> <span class='ocrx_word' id='word_1_228' title='bbox 1253 3092 1381 3159; x_wconf 87' lang='lat' dir='ltr'>effusio.</span> 
     </span>
     <span class='ocr_line' id='line_1_27' title="bbox 236 3198 1382 3281; baseline -0.001 -17"><span class='ocrx_word' id='word_1_229' title='bbox 236 3201 318 3281; x_wconf 93' lang='lat' dir='ltr'>quod</span> <span class='ocrx_word' id='word_1_230' title='bbox 340 3201 367 3264; x_wconf 92' lang='lat' dir='ltr'>si</span> <span class='ocrx_word' id='word_1_231' title='bbox 389 3217 452 3263; x_wconf 86' lang='lat' dir='ltr'>una</span> <span class='ocrx_word' id='word_1_232' title='bbox 474 3204 549 3263; x_wconf 91' lang='lat' dir='ltr'>tunc</span> <span class='ocrx_word' id='word_1_233' title='bbox 572 3200 631 3263; x_wconf 86' lang='lat' dir='ltr'>fuit</span> <span class='ocrx_word' id='word_1_234' title='bbox 652 3200 865 3263; x_wconf 91' lang='lat' dir='ltr'>innocentium</span> <span class='ocrx_word' id='word_1_235' title='bbox 888 3216 992 3279; x_wconf 86' lang='lat' dir='ltr'>causa,</span> <span class='ocrx_word' id='word_1_236' title='bbox 1020 3217 1074 3262; x_wconf 91' lang='lat' dir='ltr'>cur</span> <span class='ocrx_word' id='word_1_237' title='bbox 1098 3216 1159 3261; x_wconf 92' lang='lat' dir='ltr'>non</span> <span class='ocrx_word' id='word_1_238' title='bbox 1187 3198 1289 3263; x_wconf 90' lang='lat' dir='ltr'>omnis</span> <span class='ocrx_word' id='word_1_239' title='bbox 1313 3198 1382 3263; x_wconf 90' lang='lat' dir='ltr'>illio</span> 
     </span>
     <span class='ocr_line' id='line_1_28' title="bbox 235 3302 1380 3385; baseline -0.001 -17"><span class='ocrx_word' id='word_1_240' title='bbox 235 3305 375 3369; x_wconf 87' lang='lat' dir='ltr'>saluatur</span> <span class='ocrx_word' id='word_1_241' title='bbox 397 3304 549 3369; x_wconf 84' lang='lat' dir='ltr'>infantia?</span> <span class='ocrx_word' id='word_1_242' title='bbox 591 3304 630 3368; x_wconf 91' lang='lat' dir='ltr'>ab</span> <span class='ocrx_word' id='word_1_243' title='bbox 653 3304 738 3368; x_wconf 88' lang='lat' dir='ltr'>illius</span> <span class='ocrx_word' id='word_1_244' title='bbox 762 3306 847 3368; x_wconf 93' lang='lat' dir='ltr'>enim</span> <span class='ocrx_word' id='word_1_245' title='bbox 869 3303 1017 3385; x_wconf 90' lang='lat' dir='ltr'>temporis</span> <span class='ocrx_word' id='word_1_246' title='bbox 1041 3303 1138 3385; x_wconf 87' lang='lat' dir='ltr'>gloria</span> <span class='ocrx_word' id='word_1_247' title='bbox 1161 3302 1262 3366; x_wconf 90' lang='lat' dir='ltr'>omnis</span> <span class='ocrx_word' id='word_1_248' title='bbox 1287 3306 1380 3367; x_wconf 87' lang='lat' dir='ltr'>aetas</span> 
     </span>
     <span class='ocr_line' id='line_1_29' title="bbox 235 3406 1381 3490; baseline -0.001 -18"><span class='ocrx_word' id='word_1_249' title='bbox 235 3408 362 3472; x_wconf 88' lang='lat' dir='ltr'>alterius</span> <span class='ocrx_word' id='word_1_250' title='bbox 379 3428 469 3472; x_wconf 81' lang='lat' dir='ltr'>sexus</span> <span class='ocrx_word' id='word_1_251' title='bbox 486 3409 588 3472; x_wconf 87' lang='lat' dir='ltr'>aliena</span> <span class='ocrx_word' id='word_1_252' title='bbox 611 3411 667 3472; x_wconf 91' lang='lat' dir='ltr'>est.</span> <span class='ocrx_word' id='word_1_253' title='bbox 705 3408 733 3471; x_wconf 89' lang='lat' dir='ltr'>si</span> <span class='ocrx_word' id='word_1_254' title='bbox 749 3408 797 3471; x_wconf 90' lang='lat' dir='ltr'>uis</span> <span class='ocrx_word' id='word_1_255' title='bbox 812 3406 1105 3490; x_wconf 87' lang='lat' dir='ltr'>praedestinationis</span> <span class='ocrx_word' id='word_1_256' title='bbox 1128 3407 1297 3489; x_wconf 89' lang='lat' dir='ltr'>specialem</span> <span class='ocrx_word' id='word_1_257' title='bbox 1320 3426 1381 3488; x_wconf 92' lang='lat' dir='ltr'>per</span> 
     </span>
     <span class='ocr_line' id='line_1_30' title="bbox 235 3504 1380 3596; baseline -0.003 -20"><span class='ocrx_word' id='word_1_258' title='bbox 235 3513 373 3596; x_wconf 92' lang='lat' dir='ltr'>singulos</span> <span class='ocrx_word' id='word_1_259' title='bbox 389 3504 465 3576; x_wconf 77' lang='lat' dir='ltr'>&#39;facit</span> <span class='ocrx_word' id='word_1_260' title='bbox 485 3512 705 3593; x_wconf 92' lang='lat' dir='ltr'>conditionem,</span> <span class='ocrx_word' id='word_1_261' title='bbox 729 3530 784 3575; x_wconf 90' lang='lat' dir='ltr'>cur</span> <span class='ocrx_word' id='word_1_262' title='bbox 799 3511 850 3575; x_wconf 89' lang='lat' dir='ltr'>bie</span> <span class='ocrx_word' id='word_1_263' title='bbox 870 3529 979 3575; x_wconf 89' lang='lat' dir='ltr'>omnes</span> <span class='ocrx_word' id='word_1_264' title='bbox 999 3511 1087 3594; x_wconf 91' lang='lat' dir='ltr'>pueri</span> <span class='ocrx_word' id='word_1_265' title='bbox 1102 3510 1233 3574; x_wconf 87' lang='lat' dir='ltr'>diuersis</span> <span class='ocrx_word' id='word_1_266' title='bbox 1253 3509 1380 3574; x_wconf 90' lang='lat' dir='ltr'>dierum</span> 
     </span>
    </p>

    <p class='ocr_par' dir='ltr' id='par_1_5' title="bbox 183 3614 1382 3699">
     <span class='ocr_line' id='line_1_31' title="bbox 183 3614 1382 3699; baseline -0.002 -18"><span class='ocrx_word' id='word_1_267' title='bbox 183 3642 209 3681; x_wconf 85' lang='lat' dir='ltr'>eo</span> <span class='ocrx_word' id='word_1_268' title='bbox 235 3618 286 3681; x_wconf 90' lang='lat' dir='ltr'>uel</span> <span class='ocrx_word' id='word_1_269' title='bbox 309 3636 475 3680; x_wconf 90' lang='lat' dir='ltr'>mensuum</span> <span class='ocrx_word' id='word_1_270' title='bbox 503 3616 696 3699; x_wconf 89' lang='lat' dir='ltr'>temporibus</span> <span class='ocrx_word' id='word_1_271' title='bbox 725 3616 789 3680; x_wconf 90' lang='lat' dir='ltr'>nati</span> <span class='ocrx_word' id='word_1_272' title='bbox 816 3634 911 3679; x_wconf 90' lang='lat' dir='ltr'>unam</span> <span class='ocrx_word' id='word_1_273' title='bbox 935 3614 1077 3679; x_wconf 90' lang='lat' dir='ltr'>obtinent</span> <span class='ocrx_word' id='word_1_274' title='bbox 1099 3614 1303 3679; x_wconf 82' lang='lat' dir='ltr'>felicitatem?</span> <span class='ocrx_word' id='word_1_275' title='bbox 1353 3616 1382 3679; x_wconf 88' lang='lat' dir='ltr'>si</span> 
     </span>
    </p>
   </div>
   <div class='ocr_carea' id='block_1_3' title="bbox 233 3838 1383 4433">
    <p class='ocr_par' dir='ltr' id='par_1_6' title="bbox 279 3838 1383 3911">
     <span class='ocr_line' id='line_1_32' title="bbox 279 3838 1383 3911; baseline -0.001 -14"><span class='ocrx_word' id='word_1_276' title='bbox 279 3842 352 3911; x_wconf 70' lang='lat' dir='ltr'>lljut</span> <span class='ocrx_word' id='word_1_277' title='bbox 370 3844 439 3909; x_wconf 83' lang='lat' dir='ltr'>(erat</span> <span class='ocrx_word' id='word_1_278' title='bbox 456 3843 553 3910; x_wconf 85' lang='lat' dir='ltr'>aut)P</span> <span class='ocrx_word' id='word_1_279' title='bbox 604 3842 812 3896; x_wconf 86' lang='lat' dir='ltr'>2hominumo</span> <span class='ocrx_word' id='word_1_280' title='bbox 865 3844 1109 3909; x_wconf 84' lang='lat' dir='ltr'>5quameumquue</span> <span class='ocrx_word' id='word_1_281' title='bbox 1122 3841 1150 3893; x_wconf 90' lang='lat' dir='ltr'><strong><em>P</em></strong></span> <span class='ocrx_word' id='word_1_282' title='bbox 1200 3838 1339 3893; x_wconf 82' lang='lat' dir='ltr'>asseredae</span> <span class='ocrx_word' id='word_1_283' title='bbox 1352 3843 1383 3896; x_wconf 91' lang='lat' dir='ltr'><em>P</em></span> 
     </span>
    </p>

    <p class='ocr_par' dir='ltr' id='par_1_7' title="bbox 233 3927 1381 4433">
     <span class='ocr_line' id='line_1_33' title="bbox 235 3927 1380 3999; baseline -0.003 -15"><span class='ocrx_word' id='word_1_284' title='bbox 235 3932 383 3999; x_wconf 73' lang='lat' dir='ltr'>ignauum</span> <span class='ocrx_word' id='word_1_285' title='bbox 401 3930 429 3982; x_wconf 93' lang='lat' dir='ltr'><em>P</em></span> <span class='ocrx_word' id='word_1_286' title='bbox 491 3928 626 3998; x_wconf 83' lang='lat' dir='ltr'>sinapiso</span> <span class='ocrx_word' id='word_1_287' title='bbox 688 3928 812 3981; x_wconf 89' lang='lat' dir='ltr'>firmento</span> <span class='ocrx_word' id='word_1_288' title='bbox 832 3929 860 3981; x_wconf 90' lang='lat' dir='ltr'><em>P</em></span> <span class='ocrx_word' id='word_1_289' title='bbox 920 3930 980 3983; x_wconf 79' lang='lat' dir='ltr'>let</span> <span class='ocrx_word' id='word_1_290' title='bbox 998 3943 1064 3995; x_wconf 84' lang='lat' dir='ltr'>quae</span> <span class='ocrx_word' id='word_1_291' title='bbox 1082 3928 1190 3997; x_wconf 80' lang='lat' dir='ltr'>scripsi,</span> <span class='ocrx_word' id='word_1_292' title='bbox 1208 3942 1274 3995; x_wconf 82' lang='lat' dir='ltr'>quae</span> <span class='ocrx_word' id='word_1_293' title='bbox 1294 3927 1329 3989; x_wconf 88' lang='lat' dir='ltr'>P,</span> <span class='ocrx_word' id='word_1_294' title='bbox 1351 3932 1380 3981; x_wconf 85' lang='lat' dir='ltr'>ot</span> 
     </span>
     <span class='ocr_line' id='line_1_34' title="bbox 235 4012 1381 4085; baseline 0 -16"><span class='ocrx_word' id='word_1_295' title='bbox 235 4034 348 4085; x_wconf 83' lang='lat' dir='ltr'>quomo</span> <span class='ocrx_word' id='word_1_296' title='bbox 417 4019 515 4072; x_wconf 85' lang='lat' dir='ltr'>8eunt</span> <span class='ocrx_word' id='word_1_297' title='bbox 533 4034 619 4071; x_wconf 80' lang='lat' dir='ltr'>onae</span> <span class='ocrx_word' id='word_1_298' title='bbox 688 4013 845 4070; x_wconf 85' lang='lat' dir='ltr'>9luturam</span> <span class='ocrx_word' id='word_1_299' title='bbox 864 4016 891 4069; x_wconf 91' lang='lat' dir='ltr'><em>P</em></span> <span class='ocrx_word' id='word_1_300' title='bbox 958 4014 1115 4069; x_wconf 86' lang='lat' dir='ltr'>institutio</span> <span class='ocrx_word' id='word_1_301' title='bbox 1185 4012 1325 4081; x_wconf 85' lang='lat' dir='ltr'>collegitur</span> <span class='ocrx_word' id='word_1_302' title='bbox 1352 4016 1381 4069; x_wconf 96' lang='lat' dir='ltr'><strong><em>P</em></strong></span> 
     </span>
     <span class='ocr_line' id='line_1_35' title="bbox 236 4100 1379 4174; baseline -0.004 -14"><span class='ocrx_word' id='word_1_303' title='bbox 236 4109 268 4160; x_wconf 87' lang='lat'>10</span> <span class='ocrx_word' id='word_1_304' title='bbox 285 4103 420 4174; x_wconf 87' lang='lat' dir='ltr'>praeuidit</span> <span class='ocrx_word' id='word_1_305' title='bbox 438 4105 466 4157; x_wconf 89' lang='lat' dir='ltr'><strong><em>P</em></strong></span> <span class='ocrx_word' id='word_1_306' title='bbox 515 4103 723 4172; x_wconf 84' lang='lat' dir='ltr'>peccatorumP</span> <span class='ocrx_word' id='word_1_307' title='bbox 775 4104 808 4157; x_wconf 88' lang='lat'>13</span> <span class='ocrx_word' id='word_1_308' title='bbox 821 4102 958 4171; x_wconf 79' lang='lat' dir='ltr'>m0;;tusP</span> <span class='ocrx_word' id='word_1_309' title='bbox 1011 4105 1043 4156; x_wconf 83' lang='lat'>14</span> <span class='ocrx_word' id='word_1_310' title='bbox 1056 4102 1204 4154; x_wconf 84' lang='lat' dir='ltr'>cruenteP</span> <span class='ocrx_word' id='word_1_311' title='bbox 1256 4100 1379 4156; x_wconf 84' lang='lat' dir='ltr'>ldultor</span> 
     </span>
     <span class='ocr_line' id='line_1_36' title="bbox 234 4186 1380 4261; baseline -0.001 -16"><span class='ocrx_word' id='word_1_312' title='bbox 234 4192 286 4261; x_wconf 85' lang='lat' dir='ltr'>est]</span> <span class='ocrx_word' id='word_1_313' title='bbox 305 4191 420 4244; x_wconf 85' lang='lat' dir='ltr'>ultorem</span> <span class='ocrx_word' id='word_1_314' title='bbox 439 4192 466 4245; x_wconf 93' lang='lat' dir='ltr'><em>P</em></span> <span class='ocrx_word' id='word_1_315' title='bbox 527 4192 559 4245; x_wconf 83' lang='lat'>19</span> <span class='ocrx_word' id='word_1_316' title='bbox 578 4188 685 4242; x_wconf 88' lang='lat' dir='ltr'>diabulo</span> <span class='ocrx_word' id='word_1_317' title='bbox 702 4190 730 4243; x_wconf 91' lang='lat' dir='ltr'><em>P</em></span> <span class='ocrx_word' id='word_1_318' title='bbox 790 4191 824 4244; x_wconf 79' lang='lat'>22</span> <span class='ocrx_word' id='word_1_319' title='bbox 841 4204 932 4242; x_wconf 89' lang='lat' dir='ltr'>omnes</span> <span class='ocrx_word' id='word_1_320' title='bbox 952 4189 979 4242; x_wconf 93' lang='lat' dir='ltr'><em>P</em></span> <span class='ocrx_word' id='word_1_321' title='bbox 1040 4190 1074 4243; x_wconf 78' lang='lat'>23</span> <span class='ocrx_word' id='word_1_322' title='bbox 1092 4186 1330 4257; x_wconf 83' lang='lat' dir='ltr'>praedietiuatione</span> <span class='ocrx_word' id='word_1_323' title='bbox 1351 4191 1380 4244; x_wconf 96' lang='lat' dir='ltr'><strong><em>P</em></strong></span> 
     </span>
     <span class='ocr_line' id='line_1_37' title="bbox 233 4274 1379 4345; baseline -0.001 -13"><span class='ocrx_word' id='word_1_324' title='bbox 233 4282 267 4333; x_wconf 79' lang='lat'>24</span> <span class='ocrx_word' id='word_1_325' title='bbox 285 4278 408 4332; x_wconf 83' lang='lat' dir='ltr'>forsitam</span> <span class='ocrx_word' id='word_1_326' title='bbox 425 4279 453 4331; x_wconf 90' lang='lat' dir='ltr'><strong><em>P</em></strong></span> <span class='ocrx_word' id='word_1_327' title='bbox 521 4280 555 4332; x_wconf 84' lang='grc'>26</span> <span class='ocrx_word' id='word_1_328' title='bbox 573 4292 642 4345; x_wconf 87' lang='lat' dir='ltr'>quur</span> <span class='ocrx_word' id='word_1_329' title='bbox 660 4277 687 4331; x_wconf 94' lang='lat' dir='ltr'><strong><em>P</em></strong></span> <span class='ocrx_word' id='word_1_330' title='bbox 754 4278 789 4332; x_wconf 82' lang='lat'>28</span> <span class='ocrx_word' id='word_1_331' title='bbox 809 4275 1054 4344; x_wconf 85' lang='lat' dir='ltr'>praedistinatiouis</span> <span class='ocrx_word' id='word_1_332' title='bbox 1077 4276 1104 4329; x_wconf 94' lang='lat' dir='ltr'><strong><em>P</em></strong></span> <span class='ocrx_word' id='word_1_333' title='bbox 1172 4274 1329 4343; x_wconf 78' lang='lat' dir='ltr'>speciealem</span> <span class='ocrx_word' id='word_1_334' title='bbox 1350 4278 1379 4331; x_wconf 96' lang='lat' dir='ltr'><strong><em>P</em></strong></span> 
     </span>
     <span class='ocr_line' id='line_1_38' title="bbox 233 4367 399 4433; baseline -0.012 -12"><span class='ocrx_word' id='word_1_335' title='bbox 233 4369 267 4421; x_wconf 82' lang='lat'>29</span> <span class='ocrx_word' id='word_1_336' title='bbox 285 4382 353 4433; x_wconf 92' lang='lat' dir='ltr'>quur</span> <span class='ocrx_word' id='word_1_337' title='bbox 371 4367 399 4419; x_wconf 99' lang='lat' dir='ltr'><strong><em>P</em></strong></span> 
     </span>
    </p>
   </div>
   <div class='ocr_carea' id='block_1_4' title="bbox 0 0 1554 4892">
    <p class='ocr_par' dir='ltr' id='par_1_8' title="bbox 0 0 1554 4892">
     <span class='ocr_line' id='line_1_39' title="bbox 0 0 1554 4892; baseline 0 2"><span class='ocrx_word' id='word_1_338' title='bbox 0 0 1554 4892; x_wconf 95' lang='lat' dir='ltr'> </span> 
     </span>
    </p>
   </div>
  </div>
 </body>
</html>
