3100 4892
253 432 317 498 296
659 434 724 488 1111.
745 435 856 489 Sermo
876 437 985 490 18—19.

252 610 387 691 peccatis
404 609 557 674 amicitias
580 610 757 694 iungamus,
781 611 855 674 dnm
877 612 921 675 eis
941 610 981 674 ad
1003 610 1207 692 cupiditatem
1229 613 1282 676 uel
1305 611 1391 675 luxu·

252 715 330 778 n'am
358 715 583 795 consentimus,
615 715 680 779 sine
711 715 806 780 dubio
834 733 941 780 eorum
971 715 1109 780 amicitia
1140 714 1229 780 nobis
1260 715 1390 780 efficitur
1502 766 1503 773 ,

252 838 284 884 m
305 837 440 884 rumam.

295 923 335 987 Et
361 923 440 1004 ideo,
469 928 621 1005 quantum
649 923 821 1006 possimus,
850 941 923 987 cum
950 924 1000 988 dei
1026 923 1180 988 adiutorio
1207 941 1264 1006 pro
1293 925 1390 990 saluta

213 1055 226 1095 s
253 1028 377 1092 animae
410 1025 588 1094 laboremus
625 1031 655 1092 et
686 1028 717 1091 in
750 1045 825 1112 agro
857 1028 957 1092 cordis
991 1027 1104 1107 nostri,
1139 1046 1233 1109 quem
1264 1033 1390 1111 peccata
1503 1101 1504 1118 ,

252 1133 303 1196 uel
326 1133 457 1197 orimiua
478 1133 638 1214 possidere
654 1137 894 1213 consueuerant,
919 1133 1051 1196 uirtutes
1073 1132 1283 1198 intromittere
1305 1134 1390 1198 festi·
1503 1146 1504 1193 i

253 1256 374 1318 nemus,
397 1241 433 1302 ut
454 1239 622 1320 impleatur
644 1238 675 1302 in
696 1238 785 1303 nobis
808 1238 895 1318 illud,
918 1238 1001 1320 quod
1023 1237 1135 1302 heatus
1150 1237 1240 1302 Isaac
1262 1239 1296 1302 in
1320 1242 1389 1322 typo

253 1341 367 1406 Christi
394 1342 582 1406 benedicens
610 1341 710 1406 tilium
737 1362 831 1407 suurn
860 1343 950 1406 dixit:
985 1360 1069 1406 ecoe
1099 1342 1186 1407 odor
1216 1343 1293 1406 filii
1324 1344 1391 1406 mci

253 1446 350 1511 sicut
373 1448 460 1512 odor
484 1447 701 1530 agripleni,
725 1447 783 1510 cui
806 1446 998 1511 benedixit
1018 1446 1207 1527 dominus,
1229 1447 1311 1529 quod
1326 1447 1389 1529 ipse
1504 1526 1505 1537 ἵ

202 1575 226 1614 ιο
253 1553 412 1633 praestare
440 1551 595 1634 dignetur,
623 1552 673 1615 cui
701 1555 749 1616 est
776 1551 874 1616 honor
902 1554 933 1614 et
959 1551 1126 1633 imperium
1149 1570 1223 1615 cum
1250 1552 1389 1635 patrein

253 1653 363 1736 spiritu
387 1657 494 1718 sancto
516 1655 549 1718 in
573 1656 697 1720 saecula
720 1656 924 1719 saeculorum.
949 1654 1062 1720 Amen.

754 1880 889 1945 XVIIII.

517 2043 560 2082 ΒΕ
583 2043 735 2083 Aaaauhrr
759 2043 800 2083 ΕΤ
823 2042 915 2084 lsaac
937 2043 1022 2083 FILIO
1044 2043 1123 2084 EIUS.

295 2177 399 2243 Lectio
420 2179 484 2258 illa,
514 2179 627 2242 iratres
651 2177 814 2257 carissimi,
841 2179 873 2242 in
897 2197 959 2259 qua
981 2177 1093 2241 beatus
1115 2174 1279 2240 Abraham
1303 2175 1388 2240 Isaac

200 2305 224 2346 1⁵
251 2281 352 2347 filium
368 2301 459 2346 suum
480 2283 513 2346 in
529 2282 747 2346 holocaustum
763 2282 878 2365 legitur
894 2281 1055 2361 obtulisse,
1078 2281 1146 2345 ideo
1161 2282 1194 2345 in
1210 2281 1316 2345 ordine
1331 2298 1384 2344 sno

253 2387 361 2452 debus
378 2386 635 2470 quadragesimae
652 2404 713 2450 non
730 2387 888 2465 recitatur,
912 2386 994 2469 quia,
1010 2385 1073 2469 (ut)
1088 2386 1148 2469 ipsi
1163 2387 1274 2466 nostis,
1298 2386 1329 2450 in
1344 2385 1387 2448 ui·

253 2491 334 2574 giliis
351 2491 485 2574 paschae
509 2495 634 2574 propter
647 2494 877 2555 sacramentum
894 2490 1067 2555 dominicae
1082 2491 1236 2573 passionis
1253 2507 1388 2556 reserua-

253 2599 313 2660 tur.
349 2599 379 2659 et
402 2595 475 2677 quia
499 2599 573 2660 tunc
596 2614 658 2660 non
682 2599 730 2659 est
753 2595 786 2658 in
809 2595 920 2677 spatio,
944 2599 978 2659 ut
1001 2595 1038 2658 de
1062 2594 1130 2677 ipsa
1152 2595 1252 2677 possit
1274 2593 1386 2676 aliquid

253 2700 324 2782 dici,
352 2719 445 2779 nunc,
476 2701 501 2764 si
532 2699 658 2780 iubetis,
690 2699 912 2782 expositionem
945 2700 1011 2764 eius
1039 2699 1212 2763 secundum
1241 2699 1283 2778 id,
1313 2697 1389 2779 quod

203 2829 228 2868 zo
256 2823 325 2868 eam
360 2809 465 2887 patres
500 2807 599 2868 nostri
631 2805 806 2886 inspirante
839 2804 964 2868 domino
999 2807 1224 2883 tractarerunt,
1258 2801 1389 2867 cmitatis

254 2913 377 2972 uestrae
400 2908 527 2972 auribus
551 2926 646 2990 quam
670 2910 827 2992 possimus
850 2907 987 2971 breuiter
1009 2908 1203 2972 intimemus.

297 3013 383 3076 Dixit
416 3032 488 3095 ergo
523 3013 666 3078 dominus
697 3012 736 3076 ad
763 3011 942 3075 Abraham:
986 3013 1077 3076 totle
1115 3011 1239 3076 filium
1277 3014 1387 3087 tuum,

254 3135 361 3198 quem
388 3115 529 3199 diligis,
560 3117 667 3181 Isaac
695 3121 730 3180 et
757 3116 900 3180 offeres
928 3135 1009 3179 eum
1037 3117 1126 3180 mihi
1156 3116 1193 3178 in
1221 3115 1387 3179 holocau-

255 3225 352 3284 stum
374 3240 484 3302 super
505 3240 615 3284 unum
638 3221 834 3300 montium,
857 3239 963 3302 quem
984 3220 1293 3284 demonstrauero
1313 3217 1387 3282 tibi.

202 3349 227 3389 es
255 3329 292 3388 at
322 3325 388 3389 ille
419 3344 575 3407 surgens
607 3324 746 3388 strauit
775 3324 918 3388 asinam
949 3342 1053 3387 suam
1084 3328 1120 3387 et
1149 3324 1239 3387 tulit
1269 3339 1386 3386 secum

255 3431 345 3494 duos
376 3447 510 3513 pueros
541 3433 578 3493 et
600 3427 706 3492 Isaac
738 3429 861 3492 filium
890 3447 997 3492 suurn
1026 3432 1062 3491 et
1083 3427 1258 3510 peruenit
1280 3427 1321 3490 ad
1342 3425 1387 3488 lo·

359 3627 387 3695 8]
408 3626 473 3680 Gen.
486 3629 528 3690 27,
541 3629 581 3680 27.
635 3627 681 3694 22]
701 3627 765 3682 Gen.
780 3629 822 3689 22,
835 3629 858 3681 2.

302 3808 438 3863 lluxoria
455 3809 485 3861 D
554 3806 670 3862 2dubio
688 3825 721 3863 ac
740 3805 823 3860 dubio
841 3808 871 3862 D
935 3806 1214 3909 eomm]haeo:1ap.
1278 3803 1387 3860 amicitia

257 3920 333 3976 nobis
351 3923 432 3990 Aug,
451 3920 582 3974 amicitias
602 3921 631 3975 D
701 3921 854 3976 donamina
872 3921 901 3975 D
971 3919 1154 3987 consueberat
1172 3921 1202 3974 D
1275 3915 1344 3975 auli
1360 3915 1387 3969 D

259 4013 291 4065 13
309 4007 402 4077 incipit
421 4006 453 4059 de
472 4007 618 4060 habraham
638 4011 664 4060 et
682 4007 736 4060 isac
755 4006 810 4061 tilio
829 4010 854 4060 ei
872 4009 914 4074 D,-
936 4013 1023 4061 exstat
1044 4008 1088 4061 bie
1108 4024 1195 4061 amno
1214 4009 1283 4061 inter
1299 4005 1386 4070 Aaour

256 4097 323 4152 stiai
341 4113 473 4151 cabrones
493 4095 830 4163 dedicacarunt)
885 4097 916 4150 14
929 4092 1075 4147 habraham
1089 4094 1118 4148 D
1173 4097 1205 4150 15
1217 4091 1349 4147 obtullisse
1362 4089 1387 4142 D

260 4187 291 4238 16
309 4187 340 4236 ut
356 4183 464 4252 scra'psi,
487 4199 537 4237 ont.
552 4183 588 4250 D,
611 4181 769 4282 sicutnAop.
843 4184 875 4236 19
899 4180 1025 4234 diciminc
1047 4181 1077 4235 D
1146 4180 1345 4249 expossitionem
1361 4175 1388 4229 D

258 4295 286 4348 id
304 4313 354 4352 om.
369 4297 440 4366 Aap.
493 4297 527 4350 20
546 4295 708 4347 tractauerat
726 4294 755 4348 D
808 4293 904 4348 caritas
921 4295 951 4350 D
1004 4295 1037 4348 22
1055 4292 1204 4347 habraham
1223 4294 1252 4348 D
1300 4291 1333 4345 23
1349 4287 1386 4342 di·

259 4381 325 4449 legis
344 4383 373 4436 D
425 4381 512 4434 efferis
531 4381 560 4435 D
612 4382 645 4435 25
665 4379 739 4447 milit
758 4381 787 4435 D
