3100 4892
282 421 344 485 398
788 424 915 478 Ruricii

283 600 324 676 et,
353 597 386 661 in
419 600 572 678 quantum
596 596 653 661 tibi
679 597 843 679 placueris,
875 599 919 663 illi
950 598 1016 662 sino
1044 598 1136 663 dubio
1160 599 1343 683 displicebis,
1362 599 1405 681 qni

281 701 368 765 dicit:
393 700 570 782 quoniam
592 699 755 784 dissipat
777 720 863 766 ossa
886 701 1077 766 hominum
1093 701 1167 767 sibi
1182 703 1405 786 placentium.

323 805 365 870 ut
386 805 455 869 ideo
477 809 641 888 tamquam
663 806 856 871 seuerissimi
880 824 1023 870 censores
1047 807 1155 888 culpas
1179 811 1301 872 nostras
1316 809 1405 871 innos

282 909 343 992 ipsi
374 909 544 974 districtius
575 911 785 990 uindicemus,
820 911 879 993 ipsi
910 911 1000 975 nobis
1030 930 1085 993 per
1115 912 1254 976 diuersos
1288 911 1406 994 corporis

241 1038 255 1078 s
281 1014 437 1079 cruciatus
454 1014 588 1096 quodam
604 1015 695 1079 modo
712 1018 844 1079 tortores
868 1014 1038 1079 existamus
1063 1019 1094 1080 et
1116 1015 1243 1097 iudices,
1267 1019 1300 1080 ut
1319 1017 1349 1079 in
1362 1015 1406 1078 illo

280 1117 382 1184 iustae
406 1119 644 1183 examinationis
667 1121 808 1202 tempore
828 1137 892 1183 non
907 1119 1023 1184 habeat
1038 1120 1069 1184 in
1086 1137 1142 1184 nos
1157 1122 1240 1204 regis
1256 1120 1407 1198 sententia,

280 1222 363 1304 qnod
394 1223 531 1304 damnet,
562 1241 639 1305 qnos
668 1223 732 1287 iam
759 1223 810 1287 hic
833 1225 1038 1308 castigatioris
1062 1225 1146 1288 uitae
1169 1224 1330 1308 disciplina
1350 1241 1408 1286 eor·

280 1328 404 1407 rexerit,
435 1327 509 1409 quia
537 1327 638 1392 iustus
665 1330 697 1390 et
727 1328 902 1393 misericors
926 1329 1017 1393 index
1040 1327 1089 1393 bis
1111 1345 1174 1393 non
1197 1329 1312 1394 iudicet
1331 1328 1362 1391 in
1380 1325 1406 1390 id

280 1432 396 1514 ipsum,
420 1432 479 1495 hoc
501 1434 550 1494 est
572 1431 599 1494 ei
623 1451 656 1494 se
680 1429 839 1496 exhibebit
860 1433 980 1512 mitem,
1004 1450 1097 1514 quem
1119 1433 1274 1496 inuenerit
1288 1433 1335 1496 hie
1348 1449 1406 1493 asse

230 1560 255 1598 ιο
280 1554 355 1618 prae
384 1539 584 1618 peccatorum
614 1535 825 1601 satisfactione
849 1537 1017 1616 crudelem,
1048 1537 1094 1600 illi
1115 1536 1298 1620 benignum,
1326 1553 1406 1618 quem

280 1639 314 1703 in
329 1640 388 1703 hac
407 1640 475 1705 uita
496 1639 555 1703 sibi
578 1641 794 1722 recognouerit
816 1640 912 1704 fnisse
936 1641 1123 1720 districtum,
1148 1641 1319 1705 secundum
1340 1637 1404 1702 illud

281 1743 514 1827 euangelicum:
549 1744 611 1825 qui
643 1744 852 1826 perdiderit
885 1744 1044 1808 animam
1079 1747 1230 1827 propter
1265 1763 1329 1822 mc,
1363 1743 1407 1806 in·

281 1849 410 1912 ueniet
434 1866 526 1927 eam,
551 1849 601 1911 nel
624 1848 715 1911 illud:
744 1849 860 1928 beati,
885 1849 948 1930 qui
970 1867 1067 1913 nuno
1089 1849 1246 1932 lugetis,
1270 1848 1348 1930 quia
1366 1845 1405 1910 ri-

283 1952 432 2017 debitis.
480 1951 575 2016 breue
599 1955 647 2015 est
671 1952 755 2016 enim
786 1971 888 2032 omne,
920 1954 1002 2034 qnod
1029 1953 1061 2016 in
1088 1953 1146 2017 hoo
1170 1953 1286 2017 mundo
1309 1951 1405 2035 agitur,

231 2082 256 2122 n
283 2057 351 2121 sine
374 2056 492 2121 bonum
516 2056 583 2119 siue
605 2057 740 2135 malum,
771 2057 853 2120 sicut
876 2057 1106 2140 experimentis
1137 2059 1173 2120 nt
1201 2055 1340 2121 dominus
1361 2057 1404 2117 ant

282 2161 425 2244 permisit
457 2163 511 2223 aut
538 2161 647 2239 uoluit,
678 2160 741 2223 iem
770 2160 920 2242 probasti.
967 2161 1132 2225 etidcirco
1162 2160 1201 2223 ad
1225 2158 1405 2224 sustinendas

280 2284 336 2348 pro
359 2265 409 2329 dei
432 2282 537 2328 amore
559 2283 721 2346 pressuras
745 2269 921 2330 constantes
946 2284 1015 2329 esso
1038 2264 1199 2345 debemus,
1227 2266 1309 2346 quia,
1330 2260 1404 2326 aiod
1497 2305 1498 2308 ,

281 2387 449 2451 uesperum
480 2368 690 2433 demorabitur
720 2367 823 2452 fletus,
855 2374 887 2433 et
917 2369 956 2432 ad
986 2369 1175 2434 matutinum
1207 2368 1324 2433 laetitia
1343 2364 1405 2430 sub-

281 2475 437 2555 sequetur.
482 2473 590 2555 itaque
619 2492 702 2537 nunc
733 2491 874 2537 seramus
906 2474 939 2537 in
969 2473 1116 2553 lacrimis,
1148 2474 1231 2555 quod
1261 2477 1331 2538 tunc
1351 2487 1404 2534 me

229 2603 255 2641 ao
282 2581 386 2641 tamus
408 2578 440 2641 in
463 2576 596 2660 gaudiis.

324 2681 413 2745 Haeo
434 2699 534 2762 panca
554 2681 593 2744 ad
607 2681 845 2746 confortandam
861 2681 956 2746 fidem
971 2684 1112 2745 uestram
1128 2699 1183 2764 pro
1200 2676 1404 2745 exhortationis
1496 2669 1497 2756 ᾗ

282 2785 393 2850 solatio
424 2785 506 2850 dicta
528 2785 695 2865 sufficiant,
718 2803 799 2868 qnae
821 2786 895 2850 licet
917 2787 984 2869 ipse
1008 2803 1070 2850 non
1092 2786 1216 2866 faciam,
1248 2789 1357 2862 tamen
1377 2783 1405 2843 nt

283 2894 314 2954 et
340 2908 397 2954 uos
428 2891 539 2974 agatis,
563 2890 715 2954 exhortor.
761 2891 824 2955 scio
856 2891 940 2954 enim
968 2890 1173 2955 exhortationi
1195 2890 1327 2972 positam
1348 2903 1405 2950 asse

282 2994 469 3074 mercedem,
493 2993 566 3076 quia
586 2994 734 3076 legimns:
765 2995 858 3058 flete
889 3012 969 3057 cum
999 2993 1199 3073 flentibus,
1228 2998 1260 3057 et
1281 3012 1318 3056 ne
1338 2991 1404 3054 lorto
1495 3047 1496 3050 ,

230 3124 255 3163 as
281 3101 316 3163 tu
339 3099 372 3163 in
394 3098 507 3162 iudicio
530 3098 660 3162 diceres:
690 3098 876 3180 quaesiui,
901 3099 963 3180 qui
987 3097 1099 3161 simul
1122 3115 1266 3162 mecum
1287 3092 1404 3160 contri·

282 3206 462 3282 staretur,
487 3206 523 3266 et
544 3201 709 3266 nonfuit
732 3205 768 3266 et
790 3202 1030 3266 consolantes
1054 3221 1110 3265 me
1134 3206 1169 3266 et
1191 3221 1264 3266 non
1285 3195 1402 3264 inueni.
1494 3281 1495 3286 ἵ

282 3307 467 3389 perfectiora
495 3325 569 3371 nero
600 3310 694 3388 etque
724 3306 843 3370 maiora
865 3307 897 3370 in
921 3307 1081 3388 scripturis
1104 3305 1227 3386 diuinis,
1258 3305 1334 3369 unde
1354 3302 1403 3364 ista

384 3486 613 3556 emanatas.
650 3485 691 3556 12]
704 3486 802 3541 natan.
814 3489 854 3552 ro,
865 3489 906 3542 so.
944 3486 988 3555 13]
999 3485 1140 3548 tusam.
1178 3481 1401 3554 romaniscas.

285 3573 330 3642 ro]
347 3573 448 3628 raim.
462 3575 519 3637 125,
533 3576 557 3629 s.
611 3572 656 3642 at]
676 3573 752 3627 Rom.
767 3575 863 3638 1215.
916 3573 962 3642 25]
980 3571 1080 3627 rsaxm.
1094 3575 1136 3636 os,
1149 3575 1191 3628 21.

326 3729 400 3785 lilli
417 3747 450 3785 ex
468 3728 569 3785 11118ι
621 3731 679 3784 ⁴iet
689 3736 753 3784 anta
765 3729 818 3798 ipsi
830 3729 922 3784 addo
975 3729 1172 3784 boruciatosS
1223 3719 1403 3796 quodamodod

282 3819 396 3871 tortores
415 3814 645 3884 quodammodoo
697 3819 729 3870 ut
746 3817 930 3885 Luetjohana,
949 3816 1017 3870 etS
1079 3815 1214 3883 dregiS
1276 3811 1402 3877 tasua-

282 3903 398 3959 tioniso
463 3903 609 3958 conexito
672 3901 849 3958 9exhibeto
914 3904 946 3957 10
964 3903 1054 3970 preS
1114 3904 1144 3957 11
1164 3901 1318 3970 cognouerit
1333 3896 1402 3952 sibit
1492 3907 1493 3950 l

284 3993 317 4046 12
335 3989 548 4059 euangelinmS
599 3992 632 4045 15
650 3988 846 4058 exiperimentia
866 3989 903 4044 S¹
955 3991 987 4041 ut
1004 4006 1091 4044 omo
1150 3991 1182 4044 16
1200 3988 1295 4056 pmisit
1312 3987 1338 4052 S,
1353 3995 1402 4054 pru

282 4102 390 4158 misitv
442 4100 585 4171 probaris
638 4103 669 4157 17
682 4068 860 4171 praisurasS
911 4103 943 4156 18
955 4098 1131 4169 subsequetur
1142 4101 1205 4168 Ka,
1217 4093 1404 4167 subsequiturd

282 4189 471 4258 remeamus]
485 4189 714 4258 S,of.p.401,26
760 4191 792 4244 21
805 4187 1009 4243 exortationisS
1054 4185 1266 4243 22sufliciunto
1311 4187 1403 4250 2328*
1491 4241 1492 4252 ,

281 4275 317 4328 tia
334 4293 359 4342 o,
378 4275 522 4343 cogatisil
572 4275 695 4329 exhortor
712 4294 737 4344 o,
754 4275 945 4330 exhortatorii
994 4275 1029 4330 24
1046 4274 1129 4342 quiS
1179 4273 1277 4330 floreo
1325 4269 1403 4328 2511·
1491 4267 1492 4286 ¹

283 4358 350 4413 ditio
370 4361 394 4416 S
444 4359 539 4414 dicaris
559 4362 583 4415 S
