3100 4892
630 459 728 514 Liber
744 460 758 513 1
776 462 853 517 8-9.
1270 458 1309 523 27

170 654 268 700 manu
291 635 470 700 adiuuantis
494 635 660 701 existimat.
699 639 837 701 ceterum
868 636 906 699 ad
934 654 1016 715 eum,
1044 635 1195 717 quicum
1219 636 1312 699 misc·

170 741 270 805 rantis
295 740 408 805 auritio
436 745 566 805 conatus
594 759 667 805 suos
693 742 804 825 iungit,
835 758 896 805 non
921 740 1012 803 dicit:
1045 758 1114 803 non
1146 739 1311 803 uolentis

171 864 291 927 neque
314 846 515 926 currentis,
539 845 594 909 sed
616 847 717 911 multo
739 846 831 909 aliter
854 846 893 909 ad
909 864 981 909 eum
997 845 1150 926 loquitur:
1174 844 1241 923 sic,
1265 844 1312 907 in·

170 950 250 1031 quit,
278 950 433 1029 currite,
461 953 502 1013 ut
528 950 857 1032 conprehendatis,
889 952 921 1013 et
949 950 1080 1013 iterum:
1114 952 1188 1012 tam
1218 948 1311 1011 bene

171 1054 405 1118 currebatis.
428 1054 511 1134 quis
534 1072 599 1118 uos
622 1054 810 1135 inpediuit
837 1054 990 1117 ueritati
1018 1070 1088 1117 non
1115 1052 1311 1117 oboedire?
1351 1070 1364 1107 1

171 1160 198 1221 si
221 1175 286 1221 non
310 1162 359 1222 est
381 1158 477 1221 etiam
501 1159 645 1222 uoluntas
670 1158 861 1241 expectanda
883 1158 1045 1236 currentis,
1068 1175 1163 1238 quare
1186 1156 1311 1219 dicitur:

172 1279 238 1345 ego
263 1262 379 1346 igitur
403 1263 455 1325 sic
477 1280 599 1343 curro,
623 1281 692 1326 non
716 1263 821 1343 quasi
845 1262 881 1325 in
905 1262 1104 1341 incertum,
1128 1262 1311 1325 etiterum:

171 1385 322 1430 cursum
344 1366 615 1445 consummaui,
638 1367 752 1430 fidem
775 1366 950 1430 seruauit
974 1383 1044 1429 non
1069 1365 1230 1430 uolentis
1255 1383 1313 1427 ne-

172 1490 243 1553 que
266 1470 472 1535 currentis:
502 1472 569 1554 ipse
597 1471 658 1535 sibi
684 1470 803 1535 obtexit
833 1488 972 1535 errorum
1003 1470 1164 1550 tenebras,
1197 1470 1249 1551 qui
1280 1470 1312 1533 in

173 1575 337 1658 scripturis
361 1576 477 1639 sanctis
507 1576 558 1639 uel
585 1594 734 1658 personas
761 1576 862 1639 nescit
892 1574 1083 1658 interrogare
1114 1575 1164 1638 uel
1192 1592 1312 1637 causas.
1342 1592 1365 1629 ιο

172 1680 321 1743 hocloco
345 1680 503 1761 apostolus
526 1681 667 1763 gentium
695 1698 838 1743 asserens
869 1679 964 1743 fidem
990 1679 1178 1743 Iudaeorum
1206 1697 1313 1761 super·

171 1783 258 1847 biam
281 1787 403 1847 coercet
425 1787 457 1847 et
472 1784 649 1866 conprimit,
672 1785 724 1865 qui
746 1782 809 1847 sibi
832 1783 985 1848 iustitiam
1009 1784 1047 1847 de
1066 1784 1145 1867 legis
1167 1782 1312 1865 operibus

173 1888 368 1971 adrogabant
398 1906 434 1951 ac
456 1889 506 1951 dei
532 1889 776 1952 misericordiam
809 1892 840 1953 et
868 1889 1003 1971 gratiam
1031 1887 1229 1970 respuebant,
1259 1886 1312 1969 qui

174 2011 292 2071 suam,
324 1995 360 2055 ut
387 1993 460 2056 dicit
486 1992 655 2076 apostolus,
683 1996 910 2075 quaerentes
934 1997 1100 2057 statuere
1124 1992 1312 2057 iustitiam

175 2096 351 2160 iustitiae
374 2097 432 2160 dei
455 2114 526 2161 non
548 2102 637 2161 sunt
658 2096 830 2161 subiecti.
1340 2112 1365 2151 ¹⁵

216 2200 302 2280 Quos
319 2204 351 2264 et
366 2201 427 2265 alio
442 2201 510 2265 loco
527 2202 675 2265 simulata
690 2202 909 2267 iustificatione
925 2206 957 2265 et
972 2202 1098 2283 obliqua
1113 2220 1168 2285 per
1182 2202 1313 2265 ironiam

174 2322 248 2368 uoce
272 2304 461 2369 condemnat
484 2304 606 2369 dicens:
630 2324 700 2369 non
724 2306 809 2369 ueni
832 2324 965 2371 uocare
988 2307 1124 2386 iustos,
1148 2305 1210 2369 sed
1233 2324 1313 2389 pec·

175 2412 319 2473 catores
343 2410 385 2472 ad
408 2411 694 2493 paenitentiam.
730 2411 839 2490 iustos,
865 2410 897 2475 id
920 2414 979 2489 est,
1006 2411 1058 2492 qui
1081 2410 1141 2474 sibi
1164 2411 1202 2473 de
1224 2428 1314 2492 prae·

175 2514 351 2596 sumptione
373 2514 511 2577 iustitiae
533 2514 745 2593 blandiuntur,
769 2515 851 2578 siout
874 2519 905 2578 et
926 2515 986 2579 alio
1001 2516 1069 2578 loco
1092 2514 1312 2578 iustificantem

175 2636 208 2680 se
229 2618 352 2699 respuit
373 2618 577 2681 Pharisaeum
601 2622 632 2681 et
655 2622 856 2682 accusantem
884 2638 918 2683 sc
946 2620 1075 2702 suscipit
1100 2619 1312 2702 publicanum.
1340 2635 1366 2674 ²0

174 2738 244 2785 non
278 2721 383 2800 neni,
416 2721 537 2802 inquit,
572 2740 706 2785 uocare
739 2722 880 2803 iustos,
918 2723 982 2787 sed
1016 2727 1232 2805 peccatores
1271 2723 1313 2786 ad

174 2826 460 2907 paenitentiam,
484 2826 515 2889 id
538 2830 596 2906 est,
620 2844 683 2890 non
699 2827 772 2891 noni
788 2826 920 2891 Iudaeos
945 2846 980 2890 er
1003 2828 1072 2910 lege
1096 2828 1154 2891 sibi
1177 2827 1314 2891 iustitiae

174 2929 339 3013 priuilegia
360 2928 565 3010 uindicantes,
589 2930 642 2993 sed
664 2932 767 3013 potius
790 2935 899 3014 gentes
922 2932 1045 3013 requiro
1069 2951 1105 2995 er
1121 2931 1181 2995 fido
1205 2949 1315 3014 pecca·

173 3036 277 3096 torum
299 3034 524 3116 paenitentiam
547 3034 739 3117 profitentes.
771 3054 844 3099 nam
868 3035 907 3099 ad
929 3036 1069 3118 ipsorum
1093 3036 1260 3100 elationem
1283 3039 1315 3099 ct

175 3137 235 3200 alio
257 3137 323 3201 loco
348 3138 393 3201 ita
420 3137 511 3202 dicit:
543 3156 613 3203 non
641 3143 699 3202 est
726 3157 817 3221 opus
841 3140 943 3203 sanis
973 3140 1128 3219 medico,
1159 3140 1222 3205 sed
1252 3140 1314 3221 qui
1340 3156 1366 3196 2⁵

174 3241 269 3305 male
291 3240 439 3305 habent.
478 3242 587 3306 Iudaei
609 3246 714 3306 autem
739 3243 837 3309 iustos
854 3248 886 3307 et
902 3262 994 3307 sanos
1011 3262 1044 3307 sc
1061 3244 1219 3308 iactabant
1235 3262 1313 3323 esse,

174 3344 231 3407 sed
252 3364 314 3410 non
337 3349 437 3410 erant.
470 3346 539 3428 quis
556 3350 663 3410 antem
680 3366 792 3411 sanum
809 3368 843 3411 se
860 3366 935 3412 seno
951 3348 1041 3412 corde
1058 3348 1159 3412 dicere
1175 3348 1313 3427 auderet,

173 3450 297 3530 qnando
324 3448 512 3514 uniuersitas
541 3452 664 3534 generis
692 3452 822 3516 humani
850 3470 911 3517 uno
939 3453 1092 3535 serpentis
1116 3470 1221 3516 morsu
1245 3470 1314 3535 per-

173 3571 266 3617 cussa
286 3554 484 3638 languebat?
521 3573 585 3618 una
612 3560 660 3619 est
687 3574 760 3639 ergo
788 3575 859 3639 spes
888 3555 1032 3620 sanitatis
1055 3555 1193 3636 infirmo,
1223 3556 1250 3619 si
1281 3575 1314 3619 se
1360 3574 1368 3593 ·

279 3726 307 3794 3]
328 3728 341 3781 1
362 3724 422 3781 Cor.
435 3728 460 3789 9,
473 3728 514 3781 24.
567 3727 596 3795 4]
616 3726 674 3781 Gal.
689 3730 712 3791 5,
726 3730 750 3781 7.
805 3728 833 3797 7]
854 3730 867 3783 1
888 3726 945 3783 Cor.
960 3730 985 3791 9,
998 3730 1039 3783 26.
1087 3726 1276 3796 1]2Τ111.4,
1290 3732 1313 3783 7.

177 3810 223 3879 14]
243 3810 316 3866 Rom.
338 3816 378 3877 lo,
391 3814 415 3867 3.
472 3812 631 3882 1111111111.
650 3816 729 3877 9,13.
784 3815 829 3883 25]
848 3814 944 3867 Matth.
964 3817 988 3879 9,
1003 3816 1043 3869 12.

216 3969 353 4035 3nequee
371 3970 399 4022 P
443 3960 708 4039 4coupraehende're
727 3972 754 4024 P
805 3969 1001 4025 beurrebeetis
1020 3971 1048 4025 P
1092 3970 1148 4025 711
1167 3972 1195 4026 P
1240 3974 1314 4028 8111·

173 4054 287 4122 quaeP
332 4057 362 4110 11
383 4054 519 4123 apestolus
538 4056 565 4110 P
612 4058 643 4111 12
662 4056 780 4110 cohercit
798 4058 826 4111 P
873 4060 904 4112 16
922 4056 1108 4110 hieronimiam
1122 4058 1149 4111 P
1198 4057 1314 4127 18111111-

172 4140 288 4194 tentiam
306 4142 332 4195 P
400 4144 434 4198 20
457 4160 582 4198 soemo
652 4142 778 4196 fariseam
797 4145 825 4198 P
893 4143 1005 4212 suscipit
1026 4146 1131 4213 scripsi,
1155 4145 1271 4213 suscepit
1290 4146 1316 4199 P

172 4231 207 4284 22
226 4228 291 4280 noui
309 4228 336 4282 P
351 4230 419 4295 (scit.
439 4230 573 4283 nonnoni
592 4253 623 4273 =
643 4232 756 4299 respuo),
774 4230 837 4283 ueni
855 4232 897 4285 1111
916 4230 978 4283 ueni
997 4246 1123 4286 uocareo
1176 4234 1208 4285 24
1227 4231 1261 4285 ad
1280 4232 1313 4299 P,

173 4314 266 4369 ctuct
283 4313 313 4367 de
330 4314 460 4371 celabo
519 4316 629 4373 251111
649 4318 676 4370 P
726 4316 843 4372 medicos
863 4318 891 4373 P
950 4316 1041 4388 2711]
1061 4316 1128 4374 deo
1189 4319 1313 4375 28111111

174 4418 256 4472 super
276 4416 348 4455 cussa
366 4402 393 4455 P
