3100 4892
252 425 365 480 XXXVI
697 428 939 497 Prolsgomena.

252 603 481 685 explicandum:
503 603 689 667 omittuntur
705 603 848 686 singulae
864 605 993 668 uoculae
1008 608 1133 688 propter
1154 605 1391 670 similitudinem

251 707 503 790 praecedentium
519 707 569 770 uel
586 707 786 788 sequentium
801 708 975 772 litterarum
992 707 1160 790 (uolutat),
1178 707 1220 771 14
1242 707 1391 770 dominns

252 814 324 874 aute
349 809 485 887 domam,
508 809 560 892 37,
577 809 619 874 22
642 808 715 872 alic
730 815 803 895 post
814 809 950 892 fictilia,
973 811 1026 893 41,
1042 811 1083 875 27
1101 812 1131 874 si
1147 817 1218 896 post
1231 811 1285 889 sit,
1301 811 1353 892 42,
1372 813 1389 874 1

252 912 384 978 testibus
413 919 484 999 post
511 912 629 991 tritos,
656 914 709 996 43,
730 914 772 978 26
798 914 844 978 nd
870 920 941 1000 post
966 914 1066 993 illud,
1093 915 1184 997 50,4
1211 915 1290 978 deus
1316 921 1391 982 ants

252 1017 351 1095 dedit,
374 1017 485 1100 59,13
507 1027 536 1082 15
559 1024 631 1083 ante
648 1016 730 1103 feci,
755 1023 787 1084 ol
808 1019 923 1102 sim.,¹)
947 1021 1089 1104 singulae
1109 1019 1249 1104 syllabae
1264 1024 1392 1103 propter

251 1124 404 1189 incuriam
431 1121 533 1206 (uelut
559 1121 590 1204 6,
611 1121 662 1187 20.
687 1121 736 1204 18,
756 1121 809 1187 29.
833 1121 883 1202 19,
903 1123 929 1187 l.
946 1121 1000 1204 21,
1016 1123 1067 1188 25.
1084 1123 1137 1204 34,
1153 1122 1205 1188 28.
1223 1122 1274 1204 72,
1291 1122 1320 1188 8.
1340 1123 1389 1187 12.

252 1227 303 1310 74,
320 1225 371 1292 27.
389 1225 440 1308 95,
459 1226 524 1311 13),
552 1228 689 1308 itemque
713 1228 888 1292 senientiae
911 1227 1014 1310 (uelut
1036 1225 1067 1308 8,
1087 1228 1134 1292 14.
1154 1227 1204 1309 12,
1220 1226 1251 1292 9.
1268 1226 1320 1308 28,
1339 1227 1389 1291 11.

252 1329 304 1413 79,
320 1330 386 1415 30),
414 1335 573 1414 praeterea
597 1331 751 1413 quaedam
773 1332 871 1396 uerba
900 1331 949 1395 bis
980 1331 1158 1396 scribuntur
1188 1332 1291 1415 (uelut
1312 1331 1343 1412 4,
1358 1330 1388 1395 3.

253 1435 304 1517 19,
319 1433 368 1500 12.
383 1434 434 1516 84,
449 1434 497 1500 17.
511 1433 564 1517 87,
579 1435 606 1500 1.
619 1433 671 1516 92,
685 1434 749 1519 26).
764 1456 768 1465 ·
789 1436 908 1500 accedit
923 1436 1005 1517 quod
1020 1437 1112 1519 longe
1127 1436 1263 1518 piurima
1277 1436 1391 1500 menda

252 1542 444 1624 explicantur
464 1558 509 1621 eo,
533 1541 614 1623 quod
635 1539 781 1604 librarius
797 1544 918 1604 tentum
933 1541 1128 1624 propositum
1145 1541 1296 1605 animale
1312 1542 1391 1623 legit

251 1645 352 1728 (uelut
383 1643 473 1724 10,4
500 1643 672 1730 imaginem
697 1644 728 1706 si
754 1663 811 1728 pro
838 1644 979 1730 imagine
1001 1644 1078 1722 nisi,
1104 1643 1155 1725 15,
1171 1643 1214 1707 25
1237 1644 1312 1707 dinc
1333 1663 1389 1727 pro

251 1750 337 1826 hnic,
365 1747 475 1830 20,19
497 1747 675 1811 secundnm
697 1767 752 1833 pro
775 1747 833 1811 scd
854 1770 936 1826 cnm,
966 1748 1074 1830 67,11
1096 1747 1312 1833 perdiderant
1334 1768 1389 1832 pro

247 1851 453 1938 perdiderim
481 1851 748 1938 [perdiderem])‚
776 1857 831 1917 aut
856 1853 936 1918 falso
963 1853 1102 1917 distinxit
1132 1851 1390 1935 (5915155515-

252 1958 396 2021 ditornm
418 1957 455 2020 dr
475 1977 530 2041 pro
552 1955 746 2020 intercludit
769 1955 899 2033 orandi,
924 1955 954 2037 7,
971 1956 1012 2020 26
1033 1966 1179 2042 tempora
1194 1979 1229 2019 re
1245 1976 1300 2041 pro
1317 1966 1390 2018 tem-

245 2083 378 2147 peroro,
405 2061 490 2143 11,5
509 2061 637 2146 positas
659 2083 765 2125 serere
788 2081 843 2144 pro
855 2061 961 2146 possit
975 2083 1129 2139 asserere,
1153 2060 1390 2146 2316115555

250 2189 322 2228 cnm
344 2187 425 2250 quoe
447 2184 502 2248 pro
525 2165 575 2228 ita
597 2186 823 2250 quoecumque,
851 2164 903 2246 27,
919 2164 961 2228 28
984 2187 1070 2229 mors
1092 2187 1193 2251 snper
1215 2187 1311 2228 cassa
1333 2184 1389 2250 pro

250 2292 360 2334 moron
385 2291 552 2355 percussa,
579 2269 632 2351 28,
651 2269 691 2334 10
713 2268 771 2354 qni
793 2290 825 2332 se
849 2293 869 2332 a
892 2289 947 2353 pro
971 2269 1044 2354 quis
1067 2292 1099 2348 a,
1123 2268 1233 2350 3513
1255 2269 1390 2332 meriton

251 2375 321 2437 cius
347 2393 402 2459 pro
428 2373 542 2436 merito
570 2395 655 2450 rens,
683 2375 721 2438 of.
744 2378 906 2457 praeterea
932 2372 985 2454 32,
1002 2373 1031 2438 7.
1051 2373 1104 2450 40,
1121 2373 1150 2437 9.
1172 2372 1224 2454 58,
1240 2373 1270 2438 4.
1288 2373 1340 2454 60,
1360 2375 1388 2437 l.

251 2478 303 2560 66,
316 2479 345 2543 7.
363 2478 414 2559 72,
433 2477 481 2543 13.
495 2477 546 2542 31.
565 2477 615 2558 75,
629 2476 680 2542 21.
699 2477 749 2559 77,
762 2477 813 2542 20.
831 2478 883 2559 80,
892 2477 922 2543 6.
939 2476 991 2558 95,
1001 2476 1052 2542 27.
1069 2476 1121 2559 96,
1133 2477 1197 2561 14),
1220 2482 1275 2542 aul.
1295 2496 1389 2542 uoces

249 2585 282 2648 in
305 2584 408 2656 codice
432 2582 635 2646 describendo
658 2600 714 2664 pcr
736 2582 957 2664 compendium
973 2583 1104 2664 scriptas
1120 2583 1228 2665 pingui
1243 2582 1390 2646 Minerua

252 2689 403 2769 expressit
426 2684 492 2770 (12,
509 2685 550 2749 26
574 2685 658 2748 enim
679 2705 734 2769 pro
758 2698 812 2748 cns
832 2686 878 2763 in,
902 2685 954 2767 20,
972 2685 1010 2747 11
1028 2683 1095 2747 alto
1110 2704 1166 2768 pro
1182 2670 1261 2763 clio,
1277 2685 1329 2766 37,
1346 2684 1390 2748 22

251 2790 424 2878 qnidienim
446 2809 501 2873 pro
524 2789 624 2875 qnid&
645 2817 684 2847 =
709 2789 846 2875 quidem,
868 2788 958 2870 448
982 2789 1012 2852 ei
1035 2788 1073 2852 dc
1088 2807 1143 2872 pro
1162 2801 1193 2852 et
1207 2788 1254 2866 de,
1278 2789 1389 2871 6416

251 2894 390 2959 nitorem
411 2913 467 2979 pro
490 2893 581 2957 nitor
603 2903 627 2970 5,
652 2894 703 2974 76,
720 2893 763 2958 20
786 2893 839 2957 dci
861 2913 916 2978 pro
937 2877 987 2978 ds,
1010 2892 1062 2973 85,
1078 2891 1120 2956 20
1131 2894 1318 2978 praemittit
1332 2912 1388 2975 pro

247 2999 382 3084 pmittit,
410 2998 524 3079 86,12
551 2996 751 3083 praebentur
773 3017 830 3082 pro
846 2996 1001 3082 pientur,
1024 2998 1120 3081 sim),
1143 3000 1226 3062 uude
1249 3000 1389 3080 suspicor

252 3107 344 3170 eiiam
358 3106 500 3170 uoculam
514 3113 543 3166 ct
555 3105 637 3168 haud
650 3121 718 3168 raro
730 3140 772 3148 —
784 3105 824 3167 51.
839 3102 906 3184 7,5.
921 3101 1173 3186 28,22.64,7;1)
1191 3105 1269 3168 falso
1285 3103 1390 3167 addila

251 3208 303 3290 88,
322 3208 361 3271 16
377 3245 419 3254 -
438 3210 587 3272 omissam
603 3227 658 3290 per
674 3207 893 3290 compendium
917 3207 1066 3291 scriptam
1088 3208 1196 3272 151555.
1230 3211 1389 3291 postremo

251 3315 395 3378 addimus
426 3313 564 3396 singulas
595 3313 717 3377 litteras
745 3312 900 3394 imprimis
928 3311 1052 3374 uocales
1080 3310 1159 3375 falso
1186 3311 1389 3394 descripsisse
1523 3358 1524 3365 .

250 3418 413 3482 librarium
449 3420 480 3480 el
509 3417 557 3480 sui
588 3417 703 3480 sacculi
732 3415 955 3498 orthographia
984 3433 1077 3479 nsum
1109 3433 1191 3495 esso,
1226 3416 1313 3479 cuius
1343 3416 1389 3478 rei

252 3521 393 3604 exempla
414 3539 585 3603 proponere
609 3521 805 3602 supersedeo.

295 3627 354 3690 His
370 3625 551 3707 praemissis
569 3625 630 3688 iam
648 3625 759 3689 accedo
772 3625 811 3690 ad
823 3624 989 3688 nonnullos
1005 3626 1089 3688 locos
1105 3625 1255 3688 librorum
1267 3623 1306 3687 de
1316 3643 1389 3707 gra·

252 3733 306 3810 tia,
324 3748 401 3812 quos
417 3747 479 3793 uon
495 3732 579 3793 recte
592 3747 641 3792 me
654 3729 838 3792 emendasse
849 3733 936 3810 puto,
952 3729 1175 3792 retractandos.
1200 3747 1270 3810 pag.
1286 3725 1389 3808 10,12

253 3833 330 3896 dans
358 3831 534 3914 adfirmare
561 3831 723 3894 contendit
751 3830 918 3893 mortalem
946 3831 1164 3894 necessitatem
1192 3829 1389 3893 conditionis

244 3936 366 4022 fnisse,
381 3957 445 3998 non
461 3935 729 4022 transgressionis
741 3955 825 4000 nunc
837 3937 989 4020 improbo,
1006 3937 1088 4018 quod
1101 3937 1228 4015 conieci,
1244 3944 1387 4012 mortem,
1521 4000 1522 4015 ,

296 4110 315 4178 ¹)
332 4109 426 4176 Itaque
448 4109 489 4171 43,
504 4109 536 4163 15
559 4110 620 4177 post
641 4123 696 4163 esse
717 4107 805 4178 polius
827 4125 934 4164 sensnm
955 4124 1036 4176 quam
1058 4109 1202 4165 consilinm
1223 4106 1320 4161 addere
1343 4106 1388 4160 do·

250 4196 417 4354 beliimiiunc
438 4283 520 4336 eliam
538 4283 592 4346 4,3
617 4299 668 4336 555
691 4283 780 4352 sicquae
802 4281 848 4336 sed
870 4290 895 4337 et
917 4284 957 4338 sic
977 4299 1026 4352 pro
1043 4281 1143 4337 tradito
1161 4286 1202 4338 sic
1218 4281 1387 4337 scribendum

252 4388 307 4426 esse
325 4375 398 4440 puto.
