3100 4892
227 423 301 476 XXX
673 423 917 491 Prolegomena

227 619 263 664 ex
290 600 430 664 codicum
458 599 641 664 auctoritate
673 603 740 663 tum
771 618 807 663 ex
838 600 961 663 dicendi
987 617 1100 682 genere
1127 599 1159 663 Iu
1187 616 1223 662 eo
1250 600 1368 663 usitato

227 704 512 769 demonstrauimus
543 705 574 767 in
605 704 861 768 commentariolo
892 703 930 767 dc
961 704 1044 767 neuls
1080 707 1112 767 et
1145 701 1225 767 fictis
1257 703 1368 767 Fausti

226 809 349 891 scriptis
366 808 510 893 (Ephem.
524 827 630 892 gymn.
644 811 740 872 austr.
756 805 839 871 1890
854 827 884 890 p.
901 805 978 889 293)
995 825 1163 889 eorumque
1179 810 1368 891 argumenta

227 913 507 993 corroboramus,
534 913 587 995 qui
608 913 704 977 libros
728 911 765 975 de
789 913 892 996 gratIa
913 911 1075 977 Sidonium
1097 912 1280 995 intellegere
1302 913 1366 975 iam

227 1017 344 1081 dudum
367 1018 522 1094 uiderunt.
1113 998 1120 1008 ¹

270 1121 388 1185 Eodem
403 1122 471 1186 loco
487 1121 705 1201 Baeumerum,
730 1121 784 1203 qui
802 1122 936 1184 alterum
951 1138 1074 1203 quoque
1090 1121 1274 1202 opusculum
1290 1137 1366 1184 auo-

226 1243 366 1307 nymum,
390 1224 472 1306 quod
491 1226 672 1290 inscribitur
687 1223 909 1288 Breaiariam
924 1222 1010 1305 fidei
1032 1223 1194 1286 aduersas
1209 1223 1365 1302 Ariassos,

227 1330 384 1393 uindicare
407 1329 523 1394 Fausto
547 1329 741 1414 Stiltingium
769 1333 894 1394 secutus
922 1329 1050 1415 studuIt,
1080 1333 1112 1392 et
1134 1330 1367 1394 Ferdinandum

227 1432 351 1513 Gabrol
375 1433 429 1515 qui
450 1433 565 1498 librum
589 1433 839 1498 testimoniorum
862 1433 935 1497 fidei
958 1438 1068 1498 contra
1082 1433 1263 1498 Donatistae
1285 1435 1365 1498 falso

225 1536 401 1620 Augustino
425 1538 595 1621 ascriptum
619 1537 727 1602 Fausti
751 1557 819 1602 csse
842 1539 952 1618 uoluit,
979 1537 1091 1620 quibus
1115 1538 1154 1601 de
1177 1539 1366 1620 quaestioni-

224 1640 284 1704 bus
308 1641 515 1722 conlerautur,
540 1659 617 1724 quae
641 1661 735 1725 supra
757 1662 788 1725 p.
804 1642 913 1706 XVIII
929 1643 1074 1723 dixImns,
1097 1643 1364 1725 impugnanimus

267 1745 305 1809 lu
322 1745 466 1827 epistula,
489 1764 584 1826 quam
601 1746 686 1809 dedit
701 1747 875 1829 Dynamius
892 1747 1051 1829 patricius,
1073 1747 1125 1828 qui
1140 1747 1240 1810 uitam
1256 1766 1281 1810 s.
1294 1747 1366 1811 Ma-

224 1849 300 1913 ximi
322 1849 463 1913 Reiensis
494 1851 686 1932 conscripsit,
718 1850 756 1914 ad
779 1850 940 1931 Urbicum,
972 1851 1026 1931 qui
1052 1851 1176 1914 saeculo
1203 1850 1268 1914 fere
1294 1854 1366 1933 post

224 1954 376 2018 Faustum
409 1955 441 2018 in
472 1954 684 2037 episcopatum
714 1954 881 2018 Rciensem
912 1955 1076 2035 successit,
1110 1955 1188 2018 hacc
1201 2029 1204 2037 Ι
1217 1956 1365 2038 leguntur

224 2057 357 2140 (Sarius,
387 2059 435 2122 De
457 2058 596 2140 probatis
620 2062 799 2122 sauctorum
826 2059 973 2139 historiis,
1002 2058 1149 2123 Coloniae
1171 2058 1365 2142 Agrippinae

227 2159 320 2243 1581,
343 2163 388 2226 VI
411 2161 502 2245 647);
530 2171 644 2225 cetera
665 2183 724 2224 uos
747 2163 853 2248 ipitar
875 2163 1066 2225 chartarum
1088 2160 1247 2224 iudicasti
1274 2162 1365 2246 (scri-

225 2267 363 2331 bendum
390 2264 577 2350 indicastis)
604 2265 787 2329 recoluisse
814 2265 999 2343 uolumina,
1031 2266 1068 2328 ia
1095 2287 1190 2350 quae,
1218 2265 1300 2350 quid
1327 2287 1366 2328 erc

225 2369 296 2432 eius
320 2370 399 2452 (scil.
416 2370 560 2454 Maximi)
584 2369 737 2454 operibus
762 2369 940 2433 beatissimi
956 2369 1076 2432 Fausti
1095 2370 1256 2432 antistitis
1267 2391 1366 2454 prae-

224 2475 398 2539 decessoris
433 2477 538 2540 uestri
570 2475 721 2540 soltertia
757 2477 878 2540 deuota
911 2475 1098 2562 cotteqerat:
1135 2476 1223 2539 aude
1251 2498 1365 2561 pauca

224 2603 320 2643 seusa
338 2581 451 2665 potius
475 2603 571 2666 qaam
594 2579 708 2644 obtutu
723 2582 786 2644 aria
801 2580 984 2644 descernere
995 2580 1164 2665 potuistis.
1201 2603 1278 2643 uam
1289 2580 1365 2666 pla-

224 2684 310 2746 rima
341 2684 488 2748 aemalae
519 2685 692 2748 uetustatis
722 2685 866 2749 edacitas
893 2694 1145 2770 consumpserat,
1175 2707 1257 2770 quae
1288 2684 1365 2748 tate·

225 2788 311 2852 baut.
335 2788 421 2873 qaod
442 2788 510 2852 uisi
531 2788 731 2874 scriptoram
753 2810 897 2852 meorum
919 2790 1003 2852 serie
1024 2798 1174 2853 aeternae
1193 2791 1365 2853 mansoriae

225 2893 437 2957 traderentur
454 2915 566 2978 pauca
590 2893 628 2957 de
647 2893 818 2979 pluribus,
840 2895 923 2957 eatis
946 2916 1011 2958 esse
1026 2894 1168 2980 impiam
1182 2895 1362 2958 censuistis.

225 3019 240 3061 e
272 2999 383 3081 quibus
413 2999 519 3063 uerbis
549 2999 627 3064 satis
658 3000 810 3082 corruptiS
842 3001 968 3082 quidam
999 2999 1056 3063 uiri
1087 2999 1169 3063 docti
1200 3001 1363 3083 collegisse

224 3104 378 3168 Faustum
401 3107 608 3168 monumenta
634 3103 674 3167 ad
701 3103 899 3168 scribendam
921 3123 946 3168 s.
963 3103 1094 3168 Maximi
1121 3104 1292 3168 decessoris
1316 3105 1364 3167 sni

224 3210 321 3271 uitam
345 3209 544 3271 conlocarunt
565 3227 661 3290 eaque
676 3209 774 3291 petita
791 3227 859 3272 esse
874 3209 1018 3290 sequenti
1033 3209 1157 3272 saeculo
1174 3227 1192 3272 a
1207 3209 1363 3290 Dynamio

223 3311 355 3375 Maximi
377 3312 475 3376 uitam
500 3312 652 3395 scripturo
676 3313 731 3376 sed
753 3313 884 3376 inuenta
906 3331 975 3375 esse
992 3312 1030 3377 ab
1044 3311 1163 3380 Ilrbico
1179 3317 1365 3395 consumpta

224 3415 372 3480 ablattis
404 3421 459 3480 aut
488 3418 617 3499 puluere
649 3421 802 3499 corrupta.
842 3417 956 3499 quibus
987 3417 1164 3499 obloquitur
1186 3417 1363 3500 Stiltingius

224 3525 256 3585 ct
278 3521 374 3585 uerba
392 3541 505 3605 pauca
528 3525 560 3585 ct
577 3519 732 3605 plurima
755 3519 901 3583 aemulae
923 3521 1096 3584 uetustatis
1124 3521 1269 3584 edacitas
1292 3542 1362 3582 cou-

222 3633 405 3708 sumpserat
428 3626 465 3690 de
488 3626 585 3708 gestis
606 3625 745 3706 Maximi,
770 3643 832 3689 non
855 3627 893 3689 de
916 3627 1041 3710 scriptis
1057 3627 1165 3691 Fausti
1188 3627 1272 3690 dicta
1294 3646 1363 3690 esse

225 3729 400 3793 arbitratur.
445 3730 584 3812 potuisse
615 3733 719 3794 autern
750 3748 850 3814 pauca
881 3735 1004 3794 tautum
1036 3731 1073 3793 de
1104 3733 1200 3814 gestis
1231 3731 1362 3794 MaxImi

224 3832 369 3915 colligere
397 3833 557 3914 Urbicum,
589 3834 670 3915 quod
701 3834 837 3898 Faustus
866 3853 966 3916 pauca
995 3839 1120 3899 tanturn
1151 3837 1190 3899 de
1219 3835 1313 3898 rebus
1344 3854 1364 3898 a

141 3993 144 4004 ,
223 3935 362 4000 Maximo
385 3939 482 4020 gestis
506 3938 538 4000 in
569 3938 687 4018 aliquot
716 3938 853 4002 homiliis
883 3939 1020 4003 breuiter
1050 3940 1296 4020 perstrinxisset;
1331 3945 1363 4003 et

224 4059 298 4104 sane
328 4044 429 4105 exstat
454 4041 585 4105 homiIia
611 4042 718 4105 Fausti
746 4043 783 4106 de
812 4062 836 4106 s.
857 4043 995 4107 Maximo
1023 4044 1166 4125 episcopo
1194 4048 1225 4108 et
1248 4043 1362 4108 abbate

223 4145 304 4208 inter
333 4145 666 4210 Pseudo-nusebienas
697 4146 861 4210 XXXIIII.
907 4150 1038 4228 utraque
1069 4152 1174 4211 auteur
1206 4149 1363 4212 sententia

224 4249 417 4328 aliquantum
440 4267 459 4312 a
480 4267 554 4312 uero
578 4248 741 4313 abhorrere
770 4251 846 4314 mihi
873 4251 1004 4314 uidetur.
1051 4252 1157 4333 negari
1186 4253 1271 4315 euim
1298 4271 1361 4316 non

222 4355 325 4433 potest
348 4353 398 4434 agi
420 4352 457 4416 de
481 4353 660 4417 chartarum
684 4353 895 4418 uoluminibus
918 4357 1080 4418 uetustate
1103 4358 1265 4438 corruptis,
1288 4375 1362 4421 cum
