3100 4892
502 450 726 520 Epistularum
744 451 827 506 lib.I
847 455 955 508 15—17.
1238 450 1302 516 369

160 625 335 690 derandum
350 626 447 690 animi
462 627 525 691 mei
540 628 661 691 uiscera
675 628 849 708 concitasti,
873 645 952 709 quoe
968 627 999 690 in
1015 629 1139 690 tontum
1155 625 1304 690 affectum

160 736 252 794 tunm
282 731 497 795 meracissima
526 731 690 796 dilectione
720 735 878 796 commotu
908 734 991 810 sunt,
1022 733 1067 811 nt,
1098 748 1189 812 quem
1213 730 1303 812 spiri·

160 834 279 899 talibus
294 835 391 900 oculis
407 837 609 917 contemplor,
626 838 721 900 etiam
737 836 915 901 carnalibus
932 854 1058 900 cernere
1075 834 1302 917 concupiscam.

161 956 256 1020 quem
269 937 387 1004 obrem
403 941 491 1005 selue
506 941 539 1004 in
551 939 673 1005 Christo
689 939 816 1004 domino
831 942 1002 1024 plurimum
1018 940 1123 1004 dicens
1139 938 1303 1022 specialius

162 1059 288 1124 quaeso,
318 1046 355 1107 ut
376 1062 440 1107 nnn
461 1063 533 1108 cum
555 1044 670 1109 domno
693 1062 763 1108 meo
787 1045 940 1128 episcopo,
969 1062 1062 1127 quem
1086 1044 1124 1108 ad
1147 1061 1203 1107 nos
1227 1061 1303 1106 nen·
1329 1070 1342 1109 s

161 1151 268 1211 turum
283 1164 339 1230 pro
356 1165 414 1212 suc
428 1147 609 1232 dignatione
624 1148 755 1228 confido,
771 1147 862 1213 uobis
879 1147 917 1211 nd
933 1147 1146 1212 humilitatem
1162 1150 1303 1235 nostram

162 1251 353 1316 uisitandom
364 1252 485 1316 facietis
500 1252 655 1332 iniurium,
670 1257 706 1317 ut
721 1253 879 1334 possimus
895 1253 928 1316 in
945 1270 1042 1316 unum
1060 1251 1154 1336 positi
1166 1251 1303 1315 fructum

162 1354 199 1418 de
226 1359 334 1420 nostre
354 1355 491 1421 inuicem
513 1374 623 1439 capere
645 1357 832 1440 praesencia,
863 1356 937 1420 dum
962 1356 1147 1421 sciscitantis
1170 1355 1303 1419 intentio

162 1457 199 1522 fit
214 1459 432 1542 respondentis
454 1460 584 1524 eruditio
608 1464 639 1524 et
661 1465 789 1525 mutnus
813 1459 948 1542 quodam
964 1461 1055 1525 modo
1078 1459 1236 1542 profectus
1259 1458 1304 1522 di·

163 1563 278 1627 scentis
301 1561 435 1628 efficitur
458 1568 490 1629 et
512 1565 660 1630 docentis
705 1583 776 1648 per,
799 1583 869 1649 par,
893 1581 962 1649 pcx.
1330 1591 1356 1632 1⁰

680 1809 782 1874 XVII.

163 1968 273 2010 DOHNO
302 1969 424 2010 Anum
455 1969 536 2012 SUAE
565 1971 606 2010 ΕΤ
634 1970 725 2010 TOTIS
754 1971 786 2010 IN
810 1969 941 2012 onmsno
963 1969 1084 2011 Docimo
1107 1968 1303 2010 nlnuc'rloms

204 2054 386 2098 ulsolnluuus
409 2055 596 2097 EXCOLERDO
618 2056 758 2098 POMRRIO
781 2056 897 2098 Anum
920 2056 1066 2098 nummus
1088 2055 1266 2098 EPISOOPUS.

206 2188 363 2272 Scriptum
395 2193 458 2271 est,
492 2191 574 2254 sicut
608 2191 668 2275 ipsi
702 2192 815 2255 melius
850 2192 963 2256 nostis:
999 2191 1089 2254 mihi
1120 2189 1302 2269 uindicta,

164 2312 230 2377 ego
253 2294 477 2375 retribuam,
501 2295 593 2360 dicit
614 2295 793 2360 dominns.
833 2296 895 2360 ism
918 2313 975 2360 nos
998 2295 1085 2375 mihi,
1108 2293 1231 2376 siquid
1255 2293 1303 2356 in·
1330 2320 1354 2359 ιε

162 2399 292 2482 putatis,
314 2398 478 2483 ignoscite,
502 2400 575 2481 quie
597 2399 703 2464 scietis
725 2399 888 2464 dominum
910 2399 1095 2464 uindicasse.
1134 2402 1199 2462 tum
1223 2397 1302 2460 auiis

163 2521 232 2567 esse
255 2521 311 2569 nos
334 2503 496 2568 itineribus
519 2504 669 2568 noueritis
682 2505 715 2567 in
730 2507 797 2568 tum
813 2502 936 2568 obditos
953 2503 1134 2568 solitudines
1149 2502 1302 2580 inductos,

162 2611 198 2670 nt
228 2625 281 2672 ees
310 2610 451 2672 retexere
484 2609 607 2672 animus
638 2607 774 2688 horrent,
808 2625 898 2672 mens
928 2607 1084 2691 refugiat„
1108 2622 1209 2671 sermo
1240 2623 1302 2669 non

161 2715 266 2793 queat.
312 2711 500 2776 incurrimus
523 2730 658 2794 namque
681 2713 828 2776 semitam
851 2711 1044 2776 obstructam
1067 2711 1173 2789 rumis
1200 2711 1302 2793 spotio

161 2815 374 2897 constrictum,
398 2816 497 2900 spinis
512 2816 637 2896 hirtam,
661 2816 811 2900 stirpibus
828 2817 978 2896 clausam,
999 2815 1133 2881 obsitam
1150 2814 1301 2896 sentibus,
1328 2841 1354 2879 ιο

161 2920 225 2984 situ
249 2937 403 3002 asperam,
425 2938 572 2986 surorum
592 2920 758 3006 aggeribus
772 2921 956 3004 inpeditam,
979 2920 1120 2986 radicum
1136 2920 1301 2984 conexione

161 3027 366 3105 constratam,
388 3043 484 3091 caeno
507 3027 736 3110 uoraginosam
759 3029 795 3089 nt
816 3025 849 3088 in
872 3029 938 3090 tam
960 3025 1054 3090 uariis
1077 3028 1204 3107 temque
1220 3024 1303 3088 mul-

160 3128 320 3212 tiplicibus
348 3130 440 3194 mulis
464 3148 526 3195 non
550 3134 634 3195 esset
656 3130 788 3212 simplex
810 3129 912 3195 forme
933 3129 1071 3211 periculi,
1099 3129 1174 3193 dnm
1197 3128 1302 3193 cabel-

159 3233 263 3297 lorum
284 3233 381 3316 pedes
403 3234 545 3299 radicum
564 3235 663 3298 nutus
679 3234 798 3299 detinet
815 3236 846 3296 et
861 3233 917 3298 soli
934 3233 1064 3316 putredo
1080 3250 1142 3298 non
1158 3233 1300 3314 sustinet,

161 3336 322 3402 montibus
345 3356 419 3403 uero
442 3339 488 3403 ita
508 3339 541 3403 in
560 3339 695 3404 sublime
711 3341 885 3420 porrectam
902 3339 933 3401 et
948 3336 1083 3401 nullibus
1099 3337 1131 3401 in
1147 3336 1302 3420 profundo
1327 3361 1353 3400 rs

161 3441 350 3522 demersam,
381 3445 416 3506 ut
445 3459 502 3507 nos
530 3462 585 3526 per
614 3443 770 3507 undosum
793 3460 878 3506 mure
901 3441 1107 3506 excitantibus
1131 3459 1202 3505 enm
1225 3458 1300 3504 uen-

161 3549 265 3610 torum
294 3547 500 3612 sneuientium
530 3546 638 3612 flabris
670 3550 775 3630 erepto
799 3544 837 3609 ab
861 3544 957 3610 oculis
981 3547 1095 3610 nostris
1118 3545 1241 3610 nebulis
1265 3563 1300 3609 cc

161 3649 297 3714 nubibus
313 3650 363 3714 die
386 3651 446 3716 iter
468 3668 561 3735 agere
583 3651 791 3731 crederemus,
815 3649 898 3731 quic,
922 3650 1045 3714 etiamsi
1062 3649 1179 3714 mundo
1194 3649 1299 3714 radius

160 3755 233 3818 solis
257 3754 378 3834 inluxit,
401 3755 440 3818 ad
463 3773 520 3821 nos
542 3773 617 3837 prce
640 3755 794 3820 densitate
817 3754 952 3819 nemoris
976 3753 1121 3838 splendor
1147 3754 1245 3836 ipsius
1268 3756 1300 3817 et

160 3859 243 3923 color
255 3858 418 3941 peruenire
430 3876 493 3923 non
508 3860 618 3940 naluit,
635 3860 711 3923 dum
726 3877 783 3924 nos
798 3858 842 3923 ito
852 3877 908 3941 per
919 3858 978 3922 iter
992 3857 1164 3923 infelicium
1179 3857 1298 3926 filicum
1326 3881 1351 3922 co

266 4029 310 4100 14]
329 4029 405 4085 Rom.
420 4033 516 4094 1219.

202 4197 361 4265 tqueooS
411 4198 588 4266 Scurpereo
655 4195 831 4300 prosecute*
894 4198 927 4251 14
945 4194 1137 4252 uindiccnms
1199 4196 1230 4251 ll
1250 4210 1297 4248 nos

159 4325 215 4362 esse
226 4327 244 4364 o
295 4311 330 4365 20
342 4307 499 4366 sensibnsS
547 4312 581 4366 22
593 4310 779 4378 nordgnossm
794 4309 847 4376 Ssn
859 4325 930 4364 moro.
943 4309 1002 4376 all.)
1054 4310 1088 4364 25
1100 4305 1233 4376 profundo
1244 4308 1296 4363 Kr.

159 4398 195 4452 26
211 4395 356 4450 dimersum
375 4397 399 4452 S
450 4411 512 4450 eum
530 4414 615 4452 ccco
667 4395 821 4452 eculeum
839 4394 998 4462 Kr.,lclioi1
1018 4396 1048 4462 S,
1066 4394 1185 4448 felicium
1203 4413 1220 4450 o

210 4492 265 4534 ¹11.
274 4491 348 4533 mm.
1107 4486 1142 4534 24
