3100 4892
625 455 690 510 IllI.
710 456 819 510 Sermo
839 460 878 512 19.
1256 456 1319 522 299

181 638 230 697 est
253 633 336 714 dare,
359 635 459 717 possit
481 634 575 698 etiarn
600 653 671 697 eum
696 637 853 697 mortuum
877 635 1039 712 suscitare,
1064 637 1095 697 et
1117 635 1186 697 ideo
1208 653 1318 699 uerum

180 739 258 819 dico,
282 740 374 820 quod,
398 757 469 802 cum
493 739 736 819 adorauerimus,
759 742 953 802 reuertemur
977 739 1013 801 ad
1039 757 1105 802 uos.

223 845 311 925 Quod
337 849 442 908 autem
466 845 546 908 aries
569 845 688 908 occisus
713 848 761 907 est
784 847 816 906 et
831 843 919 907 Isaac
940 862 1000 907 non
1024 844 1145 906 occisus
1169 846 1227 924 est,
1251 844 1319 908 ideo

179 951 299 1015 factum
328 955 384 1030 est,
413 951 493 1032 quod
517 950 604 1014 Isaac
629 948 728 1033 figura
751 953 782 1012 et
804 967 866 1012 nou
889 949 1004 1012 ueritas
1028 953 1104 1027 erat,
1134 952 1165 1012 et
1192 949 1224 1011 in
1251 949 1318 1030 ipso

178 1075 253 1138 ergo
284 1056 483 1138 designatum
512 1059 568 1136 est,
596 1055 676 1136 quod
705 1057 814 1136 postea
841 1054 873 1117 iu
901 1053 1024 1118 Christo
1052 1055 1231 1136 conpletum
1260 1057 1316 1117 est.
1358 1085 1371 1121 s

177 1161 283 1224 uidete
317 1161 478 1224 dominum
513 1178 628 1244 magua
661 1178 733 1222 cum
767 1159 946 1223 homiuibus
979 1161 1094 1242 pietate
1134 1162 1317 1222 certantem.

176 1265 341 1330 Abraham
365 1263 528 1329 mortalem
552 1265 651 1328 filium
674 1281 736 1327 non
760 1265 948 1328 moriturum
971 1265 1085 1328 obtulit
1108 1265 1164 1328 deo
1187 1268 1218 1327 et
1241 1264 1319 1326 deus

177 1370 379 1434 inmortalem
402 1371 503 1433 filium
525 1369 781 1453 pronominibus
802 1370 929 1433 tradidit
949 1370 1049 1433 morti.
1088 1372 1192 1452 potest
1212 1372 1317 1432 tamen

177 1474 213 1537 de
238 1475 331 1538 beato
355 1475 443 1538 Isaac
468 1479 498 1538 et
522 1475 559 1537 de
580 1474 632 1538 illo
652 1474 748 1537 ariete
769 1474 862 1537 etiam
884 1475 927 1537 sic
948 1474 1097 1557 intellegi,
1120 1477 1155 1537 ut
1175 1474 1206 1536 in
1226 1473 1318 1536 beato

147 1578 267 1643 isaac
295 1579 470 1662 significata
493 1579 534 1642 sit
556 1579 712 1658 diuinitas,
739 1580 769 1642 in
796 1579 891 1642 ariete
919 1579 1097 1642 humanitas
1122 1578 1249 1642 Christi.
1288 1581 1320 1640 et
1347 1608 1370 1648 ro

175 1685 258 1766 quod
283 1684 315 1748 iu
338 1684 482 1766 passione
506 1701 568 1747 non
592 1683 749 1763 diuinitas,
773 1682 841 1753 <sed
864 1683 1058 1768 humanitas>
1084 1683 1229 1747 crucifixa
1251 1701 1318 1746 cre-

175 1790 279 1870 datur,
310 1789 378 1853 ideo
407 1808 468 1853 non
499 1789 597 1869 Isaac,
629 1789 683 1852 sed
714 1789 792 1852 aries
824 1789 1013 1852 immolatur.
1052 1789 1103 1852 dei
1133 1789 1217 1852 enim
1247 1787 1317 1852 uni·

174 1895 302 1980 genitus
325 1893 455 1958 offertur
478 1897 508 1957 et
531 1893 661 1977 uirginis
683 1893 911 1977 primogenitus
934 1894 1124 1957 immolatur.

218 1998 335 2062 Audite
359 1998 442 2062 aliud
467 2003 709 2079 sacramentum,
733 1999 846 2062 tratres
870 1998 1034 2063 carissimi.
1072 1999 1183 2062 beatus
1206 1998 1317 2061 Hiero-

173 2122 290 2187 nymus
313 2102 475 2186 presbyter·
498 2105 622 2186 scripsit
650 2103 688 2166 alr
718 2104 854 2185 antiquis
877 2108 909 2167 ct
936 2103 1108 2167 senioribus
1131 2103 1255 2167 Iudaeis
1284 2121 1317 2166 se
1345 2132 1368 2172 rs

172 2209 350 2274 certissime
381 2210 557 2292 agnouisse,
590 2210 670 2291 quod
700 2209 742 2273 ibi
773 2208 896 2272 oblatus
928 2209 968 2272 sit
998 2208 1096 2288 Isaac,
1128 2208 1181 2272 ubi
1208 2213 1318 2290 postea

173 2314 320 2379 Christus
341 2313 505 2378 crucifixus
528 2318 582 2377 est.
609 2311 755 2396 <denique
777 2315 815 2377 ab
837 2333 872 2377 eo
889 2314 966 2393 loco,
989 2314 1071 2377 unde
1086 2313 1198 2376 beatus
1214 2312 1317 2376 Abra-

171 2419 249 2482 ham
280 2419 383 2482 iussus
415 2423 463 2482 est
490 2419 653 2500 proticisci,
684 2419 775 2482 tertio
803 2419 851 2481 die
879 2419 918 2482 ad
945 2419 1059 2499 locum,
1090 2418 1143 2481 uhi
1171 2417 1315 2481 Christus

171 2523 339 2587 crucifixus
364 2523 433 2607 est),
457 2523 647 2605 peruenitur.
688 2525 782 2586 etiarn
806 2529 837 2587 et
860 2523 918 2587 hoc
941 2524 1140 2605 antiquorum
1163 2522 1315 2586 relatione

170 2630 316 2707 refertur,
340 2628 421 2710 quod
446 2631 478 2691 et
500 2628 601 2691 Adam
625 2629 745 2710 primus
769 2629 861 2692 homo
885 2628 952 2710 ipso
976 2629 1053 2708 loeo,
1084 2628 1138 2691 rrlri
1160 2647 1234 2691 crux
1255 2628 1316 2691 fixa
1342 2655 1368 2694 ro

170 2736 230 2812 est,
265 2733 359 2796 suerit
388 2733 553 2814 aliquando
584 2733 724 2815 sepultus
753 2737 783 2797 et
814 2734 883 2797 ideo
914 2734 1068 2797 caluariae
1096 2735 1182 2797 locus
1214 2734 1316 2796 dictus

169 2842 229 2916 est,
257 2837 330 2918 quia
351 2836 488 2919 primum
512 2841 605 2918 caput
627 2837 757 2900 humani
780 2837 903 2919 generis
926 2837 969 2900 ibi
992 2837 1103 2901 dieitur
1127 2857 1195 2900 esse
1212 2838 1316 2918 sepul-

168 2949 250 3006 tum.
291 2945 424 3022 eluere,
450 2942 571 3022 fratres,
595 2961 656 3006 non
678 2944 845 3026 incongrue
862 2944 1007 3023 creditur,
1031 2944 1113 3025 quod
1133 2942 1176 3006 ibi
1194 2946 1314 3007 erectus

168 3048 210 3110 sit
235 3046 385 3125 medicus,
410 3045 460 3108 ubi
484 3046 604 3109 iacebat
627 3051 782 3128 aegrotus.
822 3054 853 3111 et
874 3048 1003 3131 dignum
1023 3052 1099 3128 erat,
1123 3051 1167 3128 ut,
1191 3047 1244 3110 ubi
1264 3064 1315 3110 oc·

168 3151 291 3214 uiderat
313 3150 451 3214 humana
475 3150 628 3233 superbia,
659 3151 702 3214 ibi
726 3171 759 3214 se
783 3153 948 3216 inclinaret
976 3153 1082 3216 diuina
1104 3153 1314 3216 misericordia
1341 3178 1366 3218 ra

168 3260 199 3319 et
233 3255 361 3337 sanguis
389 3254 440 3318 ille
469 3256 623 3337 pretiosus
652 3257 747 3320 etiam
775 3257 974 3340 corporaliter
1000 3258 1164 3340 puluerem
1192 3259 1313 3340 antiqui

166 3359 352 3443 peccatoris
381 3359 456 3422 dum
485 3360 631 3442 dignatur
659 3361 805 3426 stillando
833 3363 1023 3445 contingere,
1051 3363 1219 3426 redemisse
1248 3381 1314 3426 cre-

167 3466 272 3528 datur.
298 3463 375 3527 haec
398 3455 493 3544 enim,
517 3465 628 3528 fratres
653 3466 816 3546 carissimi,
844 3467 1014 3530 secundum
1039 3467 1121 3549 quod
1143 3468 1312 3550 potuimus,

167 3569 206 3632 de
232 3569 362 3631 diuersis
386 3569 609 3652 scripturarum
632 3570 847 3634 uoluminibus
870 3590 925 3654 pro
948 3572 1072 3635 animae
1095 3575 1219 3636 uestrae
1242 3590 1312 3655 pro-

166 3674 253 3736 fectu
277 3672 461 3755 collegimus
486 3677 517 3736 et
540 3673 677 3738 caritatis
702 3675 963 3757 contemplatione
992 3677 1217 3760 suggessimus.
1255 3696 1311 3744 uos
1339 3703 1365 3742 so

276 3826 320 3895 14]
340 3826 489 3896 Hieron.('t)
509 3843 604 3882 comm.
618 3829 644 3882 in
664 3829 744 3884 Marc.
760 3834 800 3885 15.

210 3982 443 4038 2reuertimurD
496 3985 621 4040 tlisacI)
637 3989 760 4042 onrrridars
780 3990 845 4042 locis
897 3971 1131 4057 e'stJetisacodd.
1146 3993 1175 4045 1)
1227 3991 1311 4046 liac-

165 4080 210 4124 lus
232 4073 260 4124 1)
319 4072 454 4139 et—ergol
474 4071 502 4124 in
522 4073 577 4140 ipso
597 4073 667 4126 enim
686 4075 757 4144 Any.
824 4078 854 4130 ll
875 4076 920 4129 sed
939 4077 1192 4148 humanitasAarp„
1212 4098 1252 4135 orn
1282 4082 1311 4134 D

165 4157 287 4210 creditur
304 4159 375 4226 clap.
431 4160 462 4212 13
482 4159 606 4212 olleretur
619 4162 648 4213 1)
703 4165 733 4215 ll
753 4161 820 4215 aliut
839 4163 867 4216 D
920 4163 1083 4217 iheronimus
1102 4167 1131 4218 1)
1186 4170 1217 4220 17
1236 4167 1310 4220 deni-

165 4244 395 4312 que-crucifixus
414 4248 455 4297 cst
473 4249 552 4314 dap„
571 4265 621 4300 cnr.
644 4248 670 4300 l}
734 4251 764 4302 le
784 4252 811 4302 et
828 4269 878 4304 ona¹
893 4252 963 4321 Aron.
1024 4251 1150 4304 relatione
1170 4256 1251 4323 Auq„
1270 4272 1309 4308 re·

164 4331 342 4386 uelationeD
394 4333 428 4387 20
447 4333 479 4386 ad
500 4332 577 4386 adam
591 4334 620 4387 1)
673 4351 734 4388 cmx
754 4335 804 4390 lixa
817 4339 898 4409 stup„
918 4337 1041 4394 crucifixa
1054 4340 1083 4393 1)
1135 4342 1169 4396 22
1183 4342 1267 4410 capud
1282 4344 1310 4396 D

164 4421 197 4474 27
218 4419 392 4487 continguere
411 4421 440 4476 Ι)
493 4419 630 4474 redimisse
650 4423 678 4480 1)
