3100 4892
246 444 289 509 aa
709 445 731 499 1.
750 445 795 498 na
813 446 921 513 grstia

246 620 403 685 Romanos
427 620 602 685 euidentius
624 624 816 703 protestatur
838 622 958 686 dicens:
989 621 1184 686 reueletur
1215 622 1310 685 enim
1334 620 1387 684 ira

246 724 303 788 dei
326 725 367 789 de
391 726 493 790 caelo
520 744 632 809 super
660 742 804 790 omnem
831 726 1065 808 impietatem
1094 729 1129 789 et
1156 725 1387 789 iniustitiam

244 828 433 893 hominnm
457 848 595 911 eornm,
619 830 683 911 qui
704 830 906 894 ueritatem
928 830 965 893 in
988 829 1179 894 iniustitia
1201 830 1387 909 detinent,

243 934 345 1015 quia,
368 933 463 1016 quod
486 937 613 998 notum
637 937 695 998 est
718 933 792 1014 dei,
815 935 1058 999 manifestum
1083 938 1140 998 est
1162 933 1251 999 illis.
1298 934 1387 997 deus

205 1037 343 1103 sonim
382 1038 463 1102 illis
501 1038 780 1103 manifestauit:
820 1038 1034 1103 inuisibilia
1073 1039 1171 1102 enim
1209 1038 1330 1121 ipsius
1369 1056 1389 1101 a

243 1145 417 1206 creatura
431 1143 556 1207 mundi
571 1161 635 1224 per
651 1162 707 1223 ea,
731 1143 940 1224 quaefacta
963 1146 1063 1223 sunt,
1085 1142 1286 1207 intellecta
1305 1161 1388 1207 con-

243 1246 466 1329 spiciuntur.
505 1248 737 1329 sempiterna
758 1264 902 1329 quoque
927 1247 1006 1311 eius
1032 1247 1155 1311 uirtus
1187 1250 1223 1311 et
1252 1246 1389 1311 diuini·

242 1354 315 1431 tas,
349 1354 389 1415 ut
422 1351 501 1415 sint
533 1350 824 1415 inexcusabiles.
870 1352 958 1433 quia
997 1369 1077 1415 eum
1116 1351 1390 1434 cognouisseut

244 1455 365 1535 deum,
386 1472 457 1519 uon
477 1455 576 1518 sicut
594 1454 701 1518 deum
720 1455 1039 1538 gloriiioaueruut
1058 1458 1121 1519 aut
1140 1455 1285 1539 gratias
1306 1474 1389 1538 ege·

192 1584 218 1624 ιο
243 1563 344 1639 runt,
368 1558 433 1623 sed
456 1561 690 1623 euanuerunt
712 1560 749 1623 iu
772 1559 1071 1643 cogitationibus
1094 1560 1172 1623 suis
1196 1562 1232 1623 et
1258 1559 1389 1624 obscu-

243 1667 366 1728 ratum
390 1666 447 1727 est
468 1663 656 1745 insipiens
679 1680 740 1727 cor
762 1681 896 1727 eorum.
936 1663 1106 1728 dicentes
1128 1663 1225 1727 enim
1246 1682 1284 1727 se
1305 1682 1389 1727 asse

244 1769 437 1851 sapientes
468 1767 579 1832 stulti
605 1768 698 1832 facti
720 1771 809 1832 sunt
831 1772 867 1831 et
889 1771 1130 1832 mutauerunt
1152 1767 1311 1851 gloriam
1335 1768 1389 1831 iu-

243 1871 504 1955 corruptibilis
535 1870 593 1935 dei
622 1872 659 1935 in
687 1870 975 1936 similitudinem
1002 1871 1179 1956 imaginis
1203 1872 1389 1955 corrupti-

243 1974 334 2040 bilis
363 1975 535 2040 hominis.
574 1976 633 2039 nisi
667 1976 750 2039 enim
783 1994 801 2040 a
833 1976 904 2059 lege
938 1976 988 2040 dei
1017 1976 1201 2040 recessisset
1229 1976 1388 2057 uoluntaS,
1456 2024 1459 2029 .

192 2104 217 2145 n
243 2080 322 2143 iram
346 2079 396 2144 dei
418 2097 480 2143 non
504 2080 654 2143 sensisset
679 2079 835 2162 impietas.
875 2084 1000 2144 etcum
1030 2080 1128 2145 dicat:
1160 2080 1260 2163 quia,
1292 2082 1387 2163 quod

244 2187 372 2248 notum
396 2188 453 2248 est
475 2184 547 2265 dei,
571 2183 815 2247 manifestum
838 2187 894 2248 est
916 2184 1056 2249 inillis.
1085 2184 1175 2248 dens
1192 2184 1290 2248 enim
1305 2184 1389 2249 illis

244 2289 519 2370 manifestarit,
542 2288 704 2352 euidenter
725 2287 785 2352 hoc
807 2287 933 2353 disserit
953 2308 1009 2372 per
1032 2290 1188 2353 internam
1210 2289 1388 2354 doctrinam

243 2393 367 2477 paginis
389 2392 504 2457 mentis
527 2393 710 2475 inscriptam
733 2392 936 2457 manifestam
959 2394 1019 2457 illis
1044 2412 1112 2457 esse
1136 2392 1280 2457 debuisse
1304 2394 1392 2457 noti-

245 2498 321 2561 tiam
352 2498 401 2561 dei
430 2500 462 2561 et
492 2516 547 2579 per
573 2500 734 2561 creaturae
761 2496 1029 2581 magnificentiam
1053 2501 1224 2562 creatorem
1246 2498 1389 2580 potuisse

193 2626 219 2666 uo
245 2601 398 2685 cognosci.
436 2600 660 2665 inexcusabiles
684 2602 798 2684 quippe
821 2602 903 2684 apud
926 2601 1019 2665 deum
1042 2619 1104 2666 non
1128 2607 1243 2683 essent,
1270 2602 1331 2665 nisi
1357 2606 1390 2665 et

246 2706 438 2770 extrinsecus
473 2710 505 2769 et
537 2706 725 2770 intrinsecus
759 2706 879 2787 copiam
915 2706 1129 2789 percipiendae
1160 2706 1299 2771 ueritatis
1331 2706 1391 2771 ha·

245 2808 389 2873 buissent
411 2809 563 2873 adiciente
579 2810 732 2892 apostolo:
756 2810 855 2891 quia,
879 2810 990 2892 inquit,
1014 2827 1094 2873 cum
1118 2810 1391 2894 cognouisseut

246 2914 366 2993 deum,
397 2931 470 2977 non
493 2914 591 2978 siout
620 2913 727 2977 deum
756 2914 1082 2997 glorificauerunt.
1121 2915 1233 2997 impios
1257 2932 1331 2997 ergo
1357 2920 1391 2979 et

246 3017 283 3081 de
305 3017 475 3099 intellectu,
498 3018 587 3100 qnod·
603 3017 692 3083 abusi
716 3022 800 3099 sunt,
828 3018 966 3099 damnat,
991 3037 1122 3101 qnorum
1145 3020 1332 3084 iniustitiam
1355 3020 1390 3084 in
1458 3010 1459 3015 ’

193 3147 218 3186 rs
245 3125 458 3204 contemptum
482 3121 651 3186 diuinitatis
674 3127 809 3187 accusat.

289 3226 415 3291 Famosi
446 3230 552 3291 autem
580 3226 745 3291 exundatio
773 3230 865 3291 uasta
886 3227 995 3291 diluuii
1017 3228 1092 3310 quid
1115 3227 1198 3291 alind
1221 3228 1280 3293 uisi
1304 3230 1391 3295 arbi-

246 3330 341 3395 trium
363 3330 494 3395 hnmani
516 3332 639 3415 generis
661 3350 717 3414 per
738 3335 861 3395 reatum
884 3331 1024 3396 damnati
1046 3332 1130 3396 orbis
1153 3333 1310 3397 asseruit?
1352 3354 1391 3399 ac

246 3436 290 3499 sic
311 3434 378 3501 Noe
407 3436 546 3518 perfecta
575 3436 695 3500 iustitia
724 3440 913 3519 spontaneos
945 3437 1062 3501 saeculi
1088 3437 1171 3501 illius
1196 3442 1227 3501 et
1249 3440 1392 3505 ostendit

246 3544 278 3605 et
307 3540 528 3605 condemnauit
550 3557 680 3621 emmae,
711 3541 793 3605 sicut
823 3542 970 3624 legimns:
1003 3541 1078 3605 fide
1101 3540 1130 3605 N
1136 3560 1176 3606 oe
1205 3561 1391 3625 responso

194 3671 220 3711 ec
246 3649 402 3728 accepto
424 3645 467 3709 de
490 3644 561 3726 his,
592 3663 684 3728 quae
708 3645 826 3710 adhuc
849 3664 920 3711 non
942 3646 1182 3728 uidebantur,
1213 3650 1390 3715 metuens

246 3750 393 3831 aptauit
415 3767 537 3813 arcam
559 3749 595 3812 in
619 3750 781 3813 salutem
803 3749 930 3815 domus
951 3768 1047 3815 suae.
1076 3769 1139 3834 per
1159 3769 1266 3833 quarn
1288 3752 1391 3817 dam-

246 3854 352 3919 nauit
379 3854 553 3917 mundum
578 3857 614 3917 et
636 3854 821 3935 iustitiae,
845 3873 936 3937 quae
960 3874 1022 3939 per
1045 3855 1159 3919 iidem
1183 3860 1253 3936 est,
1276 3856 1391 3923 heres

245 3961 303 4022 est
331 3955 542 4022 institutus.
589 3975 685 4040 quare
719 3960 940 4023 condemnauit
974 3960 1148 4023 mundum?
1195 3960 1268 4042 qnia
1298 3964 1391 4044 sequi

350 4138 376 4206 1]
395 4138 464 4191 Rom
484 4139 508 4201 1,
523 4139 561 4194 18.
634 4139 680 4208 29]
698 4138 779 4193 Hebr.
801 4142 840 4203 11,
853 4142 877 4195 7.

289 4260 456 4357 21ῗιε1ἰῐίιω
475 4303 502 4356 Ρ
557 4304 710 4371 iquoquaa
730 4306 757 4358 P
813 4306 843 4360 al
862 4270 995 4359 ⁸trinsecus
1014 4305 1043 4359 P
1097 4308 1129 4360 21
1148 4320 1235 4373 quoa
1292 4308 1391 4361 27115-

246 4389 343 4441 sarmit
361 4391 388 4443 P
438 4392 472 4445 32
489 4389 560 4443 heris
578 4391 606 4444 P
