3100 4892
268 423 331 487 262
672 421 736 476 IIII.
757 423 866 475 Sermo
886 425 996 478 10-11.

267 599 327 662 tria
360 599 482 682 possint
516 615 584 662 esse
620 597 735 678 seeuri,
775 601 808 662 et
839 600 916 660 tune
949 597 1068 662 babent
1100 615 1208 662 ueram
1241 597 1402 678 laetitiam,

267 703 389 785 quando
419 721 490 767 oum
522 721 637 786 magno
670 703 756 767 luoro
789 701 953 784 peruenire
982 705 1162 767 mereantur
1188 702 1228 766 ad
1261 702 1401 787 patriam

266 807 312 872 ita
326 811 357 871 et
372 826 439 888 nos,
460 808 655 873 dilectissimi
671 808 796 888 fratres,
818 823 1040 891 praeparemus
1055 810 1131 872 tune
1146 807 1268 872 animas
1284 809 1402 872 nostres

267 913 305 977 ad
320 913 480 997 gaudium,
505 913 628 995 quando
648 912 813 996 peruenire
829 913 1001 977 meruimus
1017 913 1057 977 ad
1072 911 1242 978 Christum.
1281 912 1402 977 interim

227 1045 239 1084 s
266 1017 358 1083 modo
380 1017 574 1101 gaudeamus
590 1018 622 1082 in
646 1036 701 1100 spe
717 1035 829 1081 uerum
844 1016 994 1100 gaudium
1016 1021 1126 1099 postea
1147 1017 1286 1082 babituri
1308 1018 1341 1081 in
1361 1036 1403 1080 re,

265 1122 347 1206 quod
364 1123 453 1206 peius
470 1125 527 1203 est,
552 1122 642 1186 multi
665 1125 748 1203 sunt,
772 1121 827 1204 qui
849 1139 996 1205 peruerse
1019 1122 1127 1186 ordine
1143 1122 1181 1186 de
1196 1123 1360 1204 uoluptate
1375 1124 1404 1186 et

266 1225 382 1294 deliciis
406 1230 439 1290 et
460 1226 582 1290 luxuria
605 1225 721 1291 saeeuli
743 1226 836 1291 huius
859 1226 995 1309 gaudere
1011 1245 1045 1290 se
1067 1225 1206 1290 eredunt.
1246 1226 1302 1290 sed
1325 1227 1403 1309 quod

265 1331 298 1400 in
328 1331 440 1415 gaudio
471 1330 615 1396 uidentur
642 1349 755 1411 serere,
786 1349 913 1395 neeesse
940 1330 1002 1394 illis
1032 1330 1092 1395 erit
1114 1348 1185 1394 oum
1215 1330 1353 1396 laorimis
1375 1333 1406 1395 et

264 1435 352 1499 luotu
378 1435 525 1518 recipere,
554 1435 626 1517 quie
649 1453 711 1500 non
735 1435 887 1500 mentitur
908 1435 972 1515 ille,
999 1434 1054 1517 qui
1076 1435 1108 1498 in
1131 1435 1292 1519 euangelio
1315 1435 1402 1499 dixit:

215 1567 240 1604 ιο
266 1556 333 1603 uae
356 1539 478 1619 nobie,
501 1540 564 1621 qui
586 1539 720 1604 ridetis
744 1557 856 1619 nuno,
880 1539 966 1621 quia
987 1538 1171 1622 lugebitis
1188 1542 1224 1602 et
1244 1539 1402 1604 flebitis.

266 1643 310 1707 sio
337 1643 421 1708 enim
452 1643 527 1708 feeit
555 1644 608 1709 ille
639 1644 727 1708 diues
758 1644 876 1724 infelix,
910 1643 963 1725 qui
992 1659 1132 1726 purpura
1159 1643 1348 1708 induebatur
1374 1648 1404 1707 et

265 1746 368 1831 bysso.
407 1747 558 1832 gaudium
582 1748 708 1831 quidem
730 1747 841 1814 habuit
863 1749 895 1812 in
918 1748 1045 1828 mundo,
1073 1748 1129 1812 sod
1151 1747 1295 1812 flammas
1317 1748 1404 1813 inue-

266 1852 332 1917 nire
356 1852 470 1916 mernit
492 1853 523 1917 in
546 1853 676 1917 inferno.
722 1853 869 1933 Lazarus,
894 1853 947 1935 qni
970 1851 1093 1917 iaeebat
1115 1852 1155 1917 ad
1177 1853 1305 1917 ianuam
1328 1854 1403 1932 eins,

266 1957 425 2021 tristitiem
441 1956 551 2021 habuit
572 1957 605 2022 in
628 1957 689 2037 uia,
714 1957 768 2021 sed
792 1974 903 2021 uerum
924 1956 1075 2045 gaudium
1097 1958 1215 2040 reoepit
1237 1957 1271 2022 in
1294 1958 1402 2041 patria

215 2086 239 2125 ιε,
308 2061 373 2126 Nos
395 2080 480 2142 uero,
508 2063 621 2125 fratres
644 2063 808 2142 durissimi,
838 2065 992 2144 quantum
1018 2061 1186 2144 possimus,
1215 2061 1264 2126 dei
1287 2061 1405 2126 miseri·
1513 2084 1514 2107 ¹

265 2166 402 2231 cordiam
425 2166 638 2249 deprecemur,
665 2168 702 2231 ut
728 2165 819 2230 nobis
846 2167 891 2229 ita
912 2159 1053 2230 amorem
1079 2166 1163 2229 uitae
1185 2168 1331 2230 aeternae
1357 2167 1403 2230 in·
1513 2154 1514 2183 ³

265 2271 383 2354 spirare
411 2271 567 2354 dignetur,
595 2270 726 2352 utplus
754 2271 889 2354 patriam
911 2270 1047 2334 uelimus
1076 2287 1181 2334 amere
1203 2289 1298 2352 quam
1321 2271 1401 2335 uiam

265 2379 297 2440 et
320 2375 453 2458 emplius
477 2374 514 2438 de
537 2374 641 2439 futuro
665 2393 760 2457 quem
783 2375 821 2439 de
848 2375 1006 2458 praesenti
1029 2375 1153 2439 saeoulo
1176 2375 1350 2459 eogitemus
1373 2380 1403 2440 et

265 2479 309 2543 sio
332 2498 456 2562 semper
479 2479 511 2542 in
528 2479 616 2543 exilio
640 2479 749 2543 mundi
770 2480 860 2543 istius
876 2498 969 2563 agere
991 2479 1184 2560 studeamus,
1206 2483 1243 2544 ut
1258 2480 1297 2544 ad
1319 2480 1401 2544 futu·

214 2607 240 2646 ne
266 2601 334 2647 rum
366 2583 516 2647 iudioium
538 2601 609 2647 eum
640 2583 739 2648 libera
768 2587 800 2648 et
828 2603 937 2649 secura
965 2585 1157 2650 conscientia
1183 2585 1284 2649 ornati
1314 2583 1401 2650 bonis
1477 2586 1481 2594 ’
1512 2590 1513 2609 ³

265 2687 411 2769 operibus
434 2687 598 2770 peruenire
621 2689 778 2771 possimus
801 2691 981 2772 praestante
1003 2689 1128 2754 domino
1151 2693 1268 2771 nostro,
1291 2689 1341 2754 oni
1356 2692 1404 2753 est

263 2792 363 2855 honor
386 2795 418 2854 et
439 2791 595 2876 inperium
618 2793 650 2857 in
674 2795 799 2858 saeonle
821 2794 1026 2857 saeculorum.
1054 2793 1167 2858 Amen.

807 2949 862 3014 XI.

602 3093 780 3135 nnuonl‘rlo
802 3095 845 3136 ΒΕ
867 3095 923 3134 mn
945 3095 1066 3136 lUchll.

212 3235 237 3272 es
307 3210 394 3294 Rogo
423 3228 488 3290 uos,
516 3212 628 3275 fratres
657 3211 819 3291 durissimi,
847 3215 879 3276 et
906 3230 978 3276 oum
1004 3213 1115 3296 grandi
1142 3213 1319 3278 bumilitate
1345 3213 1399 3276 ad·

265 3332 385 3396 moneo,
412 3319 448 3379 ut
475 3315 551 3378 mihi
582 3315 687 3380 nullus
711 3334 747 3379 en
774 3315 863 3380 uobis
895 3321 1078 3381 succenseat
1104 3321 1161 3381 eut
1186 3317 1266 3382 torte
1295 3319 1400 3384 ineon·

368 3496 412 3565 10]
431 3496 494 3551 Luo.
508 3499 531 3560 6,
544 3499 585 3553 25.

307 3653 448 3721 ‘lquando
466 3655 546 3724 Aup,
565 3673 615 3710 om.
629 3656 659 3709 D
712 3671 772 3709 oum
792 3657 1053 3726 magno-gaudium
1074 3658 1138 3713 add.
1153 3659 1182 3712 D
1199 3659 1230 3713 in
1248 3677 1331 3730 marp.
1349 3658 1397 3727 tos.

264 3743 400 3794 merentur
417 3743 489 3811 Aop.
555 3744 627 3797 lan
645 3742 838 3796 meruerimus?
908 3743 1020 3800 5modo
1039 3746 1069 3799 D
1086 3747 1128 3801 bis
1197 3744 1398 3815 gaudinmuaD

264 3825 387 3880 habeturi
406 3828 435 3881 D
488 3827 608 3898 opens]
626 3827 702 3898 penis
715 3829 743 3884 D
796 3831 934 3884 uoluntate
947 3833 977 3886 D
1029 3831 1204 3886 odssieinn
1254 3830 1357 3886 luxoria
1372 3832 1398 3886 D

264 3929 291 3966 se
309 3910 423 3967 eredunt
440 3916 521 3984 Aup,
540 3919 669 3969 secretum
690 3917 718 3970 D
783 3917 928 3973 9metitur
946 3918 975 3972 D
1043 3917 1200 3987 euuangelio
1218 3921 1248 3974 D
1313 3921 1344 3976 11
1361 3919 1398 3973 in-

264 3999 397 4054 duebatur
423 4002 453 4055 D
525 4003 556 4057 12
587 4001 652 4071 byso
684 4004 713 4057 D
785 4006 817 4059 14
848 4004 942 4075 recipit
973 4007 1003 4060 D
1073 4009 1105 4062 15
1132 4022 1196 4060 uero
1222 4006 1398 4078 superscaD

263 4089 394 4155 quantum
416 4089 497 4158 deep,
520 4088 625 4156 quando
647 4093 707 4143 tum
730 4092 760 4145 D
831 4093 863 4146 16
887 4090 1046 4162 deportemur
1066 4093 1097 4147 D
1168 4095 1200 4149 17
1227 4092 1398 4172 uallimusD

265 4202 297 4254 19
315 4199 465 4254 studiamus
485 4201 514 4254 D
577 4203 611 4257 20
630 4205 657 4255 et
675 4204 704 4257 D
722 4205 762 4259 bis
834 4206 867 4259 24
885 4204 981 4274 inoipit
999 4203 1146 4260 &monitio
1164 4205 1277 4260 faustini
1295 4165 1398 4261 demin·

264 4283 326 4339 dioii
345 4287 377 4340 ei
396 4287 473 4356 gradi
491 4293 564 4343 meto
584 4291 611 4343 et
629 4287 809 4344 sollieitudine
827 4291 926 4360 ingiter
944 4292 1061 4361 cogitatu
1081 4292 1123 4361 D;
1143 4293 1189 4349 bie
1210 4311 1296 4351 amno
1318 4297 1397 4352 midi
1508 4314 1509 4341 l

264 4373 334 4435 inter
351 4391 484 4430 eeroooooee
501 4377 651 4448 Aopustim'
670 4377 766 4434 utubios
784 4381 844 4446 249,
858 4383 925 4434 1-1
944 4382 997 4449 (39,
1008 4383 1079 4439 22⁰6
1097 4380 1150 4451 M.)
