3100 4892
590 434 654 488 IIIl.
674 433 782 487 Sermo
802 435 842 487 16.
1222 426 1287 491 285

150 613 215 675 dies
239 612 334 689 enim,
359 612 470 674 iratres
493 609 655 688 carissimi,
679 612 805 672 sanctae
828 606 1093 688 quadragesimae,
1117 605 1142 666 si
1158 604 1289 686 diligen-

149 721 196 780 ter
217 714 434 796 adtendamus,
458 715 557 780 uitam
577 712 693 778 saeculi
714 711 888 795 praesentis
910 708 1095 793 significant,
1119 708 1200 771 sicut
1222 707 1288 771 dies

149 820 286 902 paschae
313 822 473 884 aeternam
499 817 724 882 beatitudinem
751 815 971 899 praefigurant.
1018 816 1050 877 et
1077 812 1230 894 quomodo
1257 812 1290 875 in

149 925 390 1007 quadragesima
412 925 500 1006 qnasi
522 922 680 986 tristitiam
703 920 867 1000 habemus,
894 922 929 982 ut
950 919 983 982 in
1012 918 1128 1001 pascha
1149 915 1289 999 legitimo

149 1027 257 1092 ordine
287 1029 490 1112 gaudeamus,
521 1029 565 1090 sic
593 1028 624 1090 et
650 1025 682 1088 in
712 1026 770 1089 1111
798 1023 932 1103 saeculo,
963 1021 1111 1104 quamdiu
1141 1019 1289 1099 uiuimus,
1329 1046 1342 1084 s

149 1133 376 1213 paenitentiam
399 1150 489 1216 agere
513 1131 673 1211 debemus,
700 1132 736 1193 ut
757 1127 802 1210 <in
829 1129 933 1192 futuro
955 1126 1168 1209 peccatorum>
1188 1124 1291 1188 indul·

149 1236 291 1318 gentiam
311 1236 496 1318 acciperent
518 1235 557 1299 ad
579 1237 742 1298 aeternum
765 1232 914 1317 gaudium
938 1231 1100 1314 peruenire
1122 1230 1288 1312 possimus

150 1341 273 1404 sedita
296 1340 388 1404 debet
409 1340 622 1422 unusquisqne
645 1355 699 1421 pro
723 1338 788 1401 suis
805 1335 988 1400 criminibus
1012 1335 1177 1418 suspirare,
1201 1334 1291 1396 lacri-

150 1461 220 1507 mas
243 1444 383 1525 iundere,
414 1443 600 1526 elimosynas
624 1443 707 1522 dare,
735 1444 770 1505 ut
792 1443 849 1505 deo
872 1441 1050 1520 auxiliante,
1074 1439 1222 1520 quamdiu
1245 1438 1291 1500 ui-

149 1548 210 1628 uit,
243 1566 366 1630 semper
395 1548 527 1612 11111111
557 1547 624 1631 ipsa
651 1549 779 1631 conetur
812 1545 958 1628 effugere.
1004 1544 1085 1607 sicut
1112 1543 1195 1606 enim
1223 1542 1292 1605 siue
1319 1566 1343 1606 rc
1391 1593 1396 1602 .

151 1652 286 1716 minutis
308 1652 444 1734 peccatis
467 1651 572 1716 nullus
595 1668 744 1733 umquam
767 1653 822 1714 aut
843 1650 905 1712 fuit
928 1651 983 1712 aut
1005 1667 1074 1711 esse
1096 1646 1219 1729 poterit,
1249 1647 1294 1709 ita

149 1757 219 1820 sine
242 1755 427 1837 capitalibus
454 1753 635 1819 criminibus
659 1755 793 1819 donante
816 1753 872 1816 dec
900 1756 932 1815 et
954 1752 1120 1815 auxiliante
1147 1749 1292 1815 omnibns

150 1859 253 1924 modis
277 1877 345 1924 esse
368 1858 527 1924 debemus

193 1963 236 2027 Et
263 1966 298 2026 ut
323 1963 400 2027 haec
423 1962 562 2028 obtinere
589 1961 756 2044 possimus,
785 1961 812 2025 si
840 1980 897 2026 nos
920 1961 980 2024 alio
1008 1964 1146 2041 tempore
1174 1959 1292 2039 inpedi-

150 2071 261 2132 menta
276 2067 384 2131 mundi
400 2068 541 2132 detinent
556 2065 746 2149 obligandae,
770 2065 821 2129 uel
836 2066 868 2129 11
885 2064 994 2128 diebus
1010 2068 1136 2127 sanctae
1160 2064 1292 2145 quadra·
1318 2088 1344 2127 a

149 2173 291 2256 gesimae
314 2172 345 2235 11
368 2171 437 2255 lega
460 2170 585 2250 domini,
613 2171 694 2234 sicut
716 2171 867 2252 scriptum
891 2173 948 2249 cst,
976 2168 1025 2232 die
1049 2172 1204 2248 noctuque
1227 2185 1293 2230 me-

149 2277 289 2341 ditemur
311 2277 342 2340 et
364 2274 408 2339 ita
430 2292 481 2338 cor
504 2277 645 2338 nostrum
668 2273 792 2338 diuinae
815 2273 894 2357 legis
918 2272 1081 2336 dulcedine
1103 2272 1291 2354 repleamus,

149 2384 185 2444 ut
215 2382 249 2444 in
277 2378 365 2445 nobis
393 2380 514 2444 nullum
540 2379 644 2442 locum
671 2378 840 2442 uirtutibus
868 2395 1013 2457 uacuum,
1036 2395 1131 2458 quem
1153 2376 1292 2440 obtinere

149 2485 277 2568 possint
299 2484 384 2564 uitia,
410 2484 632 2564 relinquamus
679 2483 759 2546 sicul
786 2483 870 2547 enim
895 2484 1035 2564 tempore
1062 2481 1214 2544 messium
1240 2480 1290 2543 uel

149 2588 398 2668 uindemiarum,
431 2588 542 2652 fratres
573 2587 740 2667 carissimi,
772 2586 854 2650 unde
884 2604 955 2649 caro
985 2587 1093 2649 nostra
1122 2585 1291 2649 sustentari
1318 2611 1344 2649 eo

148 2693 264 2776 possit,
287 2692 452 2775 colligitur,
476 2691 520 2755 ita
541 2691 573 2755 in
590 2691 698 2754 diebus
721 2691 977 2774 quadragesimae
992 2689 1083 2770 qnasi
1105 2689 1292 2770 spiritalium

148 2797 382 2861 uindemiarum
416 2795 467 2860 uel
500 2795 650 2859 messium
682 2798 832 2878 tempore,
867 2795 948 2859 unde
982 2794 1089 2857 anima
1121 2797 1227 2858 nostra
1259 2794 1293 2857 in

148 2905 317 2965 aeternum
349 2900 447 2982 possit
479 2900 603 2979 rriuerc,
638 2902 861 2982 congregetur,
898 2899 987 2980 quia,
1016 2898 1097 2962 siout
1123 2898 1291 2982 neglegens

149 3005 286 3088 quisque
313 3008 450 3086 tempure
473 3003 702 3067 uindemiarum
725 3005 775 3066 uel
799 3003 950 3067 messium
972 3001 1050 3066 nihil
1066 3002 1215 3086 colligens
1237 3021 1293 3085 per

149 3113 257 3175 totum
281 3107 354 3172 anni
376 3108 512 3189 spatium
534 3108 617 3171 fame
639 3105 842 3190 torquebitur,
865 3107 920 3185 ita,
943 3106 1049 3188 quiin
1072 3107 1130 3170 hoc
1152 3110 1293 3189 tempore
1319 3132 1345 3172 2⁵

149 3212 295 3297 spiritale
312 3212 448 3276 triticum
465 3215 496 3276 et
511 3211 644 3276 caeleste
660 3215 801 3276 mustum
816 3211 991 3290 ieiunando,
1014 3211 1155 3293 legendo,
1178 3211 1293 3276 orando

263 3437 306 3505 16]
325 3436 424 3490 Psalm.
439 3439 461 3500 1,
475 3439 499 3492 2.

197 3655 353 3724 lsanctae]
373 3655 476 3725 Qmus
495 3657 524 3710 D
585 3654 805 3723 quadragensimo
823 3657 853 3709 D
913 3654 1038 3708 dilienter
1055 3655 1085 3710 D
1145 3653 1291 3724 41111111-

149 3743 278 3814 gensima
305 3742 334 3796 D
403 3741 518 3795 tristiam
546 3743 575 3796 D
644 3740 788 3794 habeamus
816 3743 844 3796 D
914 3741 985 3796 6in
1008 3740 1100 3794 futuro
1122 3746 1291 3810 peccatorum

148 3831 263 3898 addidi,
282 3847 332 3885 om.
346 3830 383 3897 D,
402 3829 430 3882 in
448 3827 538 3882 futuro
556 3827 876 3930 possimus'peccutorum
898 3830 970 3898 Aaq.
1041 3831 1058 3883 8
1081 3829 1241 3883 oraminibus
1264 3831 1293 3884 D

149 3941 387 4013 9elym0sinasD
433 3943 466 3996 10
479 3940 636 3995 creminaD
682 3941 830 4009 efugcreD
878 3943 910 3996 12
923 3939 1084 3994 creminibus
1098 3943 1127 3995 D
1180 3941 1292 4010 13esse]

148 4045 297 4101 possumus
315 4032 342 4082 et
359 4028 422 4083 add.
435 4029 506 4098 Aug.
570 4032 601 4083 15
620 4027 750 4095 obligatos
769 4029 839 4098 Auq.
902 4027 1020 4097 sanctqsll
1037 4028 1067 4080 D
1128 4026 1292 4094 quadragen-

150 4118 221 4172 simo
245 4117 277 4170 D
330 4117 362 4171 16
384 4117 500 4182 nutuque
523 4116 552 4168 D
613 4117 645 4169 17
665 4113 798 4166 dulcidine
817 4114 847 4168 D
902 4113 1050 4182 repleamur
1068 4113 1097 4167 D
1151 4115 1183 4168 18
1201 4113 1291 4180 quem]

149 4205 239 4278 q(=
265 4202 347 4270 quod)
365 4202 395 4256 D
463 4205 496 4256 20
519 4200 599 4254 uinde
622 4216 740 4253 mearum
759 4202 789 4254 D
862 4202 894 4255 21
915 4200 1055 4269 collegitur
1072 4201 1101 4254 D
1153 4199 1242 4252 Xme
1263 4201 1293 4253 D

148 4295 185 4348 22
204 4287 295 4344 uende
313 4303 432 4342 mearum
450 4289 480 4343 D
532 4291 622 4341 nostra
638 4305 671 4342 ca
688 4289 774 4340 rostra
791 4287 821 4341 D
876 4290 911 4342 23
933 4289 1107 4356 congregetur
1127 4287 1209 4356 Auq,
1230 4301 1292 4339 con-

149 4379 286 4448 gregatur
303 4375 333 4430 D
384 4376 418 4430 24
436 4373 641 4428 uendemaarum
658 4375 688 4429 D
