3100 4892
596 433 841 502 Prolcgomena.
1196 431 1288 486 LXIII

151 611 207 674 dno
230 611 314 674 enim
338 609 420 690 libri,
449 610 481 674 in
512 608 625 691 quibus
653 608 779 674 libellus
806 609 845 672 de
871 609 992 672 ratione
1018 606 1092 672 fidei
1113 607 1287 690 impressus

150 718 258 794 exstat,
286 717 359 779 ante
385 715 456 797 plus
483 717 641 778 trecentos
670 731 768 778 anuos
793 713 868 777 editi
890 717 922 776 et
944 713 1005 776 nisi
1027 711 1135 795 paucis
1162 715 1286 795 praesto

149 837 208 882 non
231 825 315 883 sunt.
351 818 400 881 cui
419 818 616 883 incommodo
632 817 808 883 remedium
824 817 1005 882 etiamnunc
1020 817 1160 881 inuenire
1176 816 1287 881 studeo

149 926 177 985 et
204 922 385 1005 appendicis
415 923 483 986 loco
505 920 780 986 libellumFausti
801 921 917 1003 publici
938 921 1015 984 iuris
1042 919 1133 1000 lucio,
1164 937 1227 1002 qua
1252 939 1287 984 re

149 1028 252 1092 multis
283 1031 411 1110 gratnm
440 1031 517 1110 puto
544 1044 594 1089 me
621 1026 790 1106 facturum,
821 1043 1012 1108 quamquam
1040 1024 1179 1088 nondum
1209 1023 1287 1088 mibi

149 1132 286 1214 contigit,
314 1134 350 1195 ut
377 1129 494 1195 librum
517 1130 767 1213 manuscriptum
790 1129 998 1210 nanciscerer,
1026 1129 1108 1194 unde
1132 1129 1207 1192 editi
1228 1128 1287 1192 fln-

149 1239 272 1310 rerunt;
296 1251 375 1317 quae
399 1233 460 1298 luit
482 1253 587 1316 eausa,
611 1233 694 1317 quod
716 1234 861 1299 libellum
883 1251 984 1316 usqne
999 1233 1102 1298 adhuc
1117 1232 1209 1297 edere
1224 1251 1287 1298 uon

150 1358 165 1403 a
280 1358 345 1404 um.

165 1359 293 1526 uAutsquqe
321 1443 415 1508 editio
442 1445 586 1526 princeps
615 1443 713 1508 libelli
737 1443 774 1507 de
798 1445 918 1508 ratione
941 1441 1013 1506 fidei
1035 1445 1145 1506 sumta
1170 1445 1220 1505 est
1246 1440 1285 1506 ab

150 1547 261 1611 Ioanne
285 1545 435 1612 Siohardo
459 1547 661 1632 (Antidotum
681 1551 791 1612 contra
806 1548 946 1612 diuersas
961 1547 1103 1611 omnium
1119 1546 1183 1610 lere
1199 1564 1288 1610 secu·

149 1652 245 1716 lorum
269 1651 426 1731 haereses,
449 1651 602 1732 Basileae,
625 1652 799 1716 excutiebat
813 1651 968 1717 Henricns
984 1651 1080 1732 Petri,
1101 1648 1210 1732 1528),
1233 1650 1287 1732 qui

150 1755 177 1818 in
203 1757 340 1838 epistula
365 1755 554 1820 dedicatoria
581 1756 620 1820 ad
642 1755 881 1840 sigismundum
909 1773 1016 1838 regem
1039 1755 1187 1819 Poloniae
1215 1755 1288 1818 data

150 1879 179 1922 se
199 1860 287 1924 Petri
309 1859 435 1923 Tomitii
462 1860 597 1943 episcopi
622 1858 839 1925 Oracouiensis
866 1859 1063 1924 humanitate
1091 1863 1123 1923 et
1149 1859 1287 1923 liberali·

150 1967 208 2028 tate
230 1964 519 2028 uetustissimomm
542 1965 681 2028 uirorum
705 1968 911 2029 monumenta
932 1964 1070 2047 primum
1092 1963 1231 2048 prolerre
1253 1963 1286 2026 in

149 2067 245 2131 lucem
278 2068 353 2132 dicit
377 2069 421 2132 sic
443 2087 536 2148 noua,
566 2076 605 2130 ut
635 2067 734 2130 totius
766 2065 848 2130 libri
874 2089 914 2130 ue
939 2066 1070 2152 quidem
1092 2089 1177 2152 apen
1198 2088 1286 2129 uuus

149 2180 248 2248 autea,
274 2169 361 2255 quod
374 2169 489 2234 saltem
503 2171 655 2250 aciamus,
670 2171 817 2234 estiterit
831 2169 942 2257 culpo.
966 2173 1165 2236 continentur
1179 2176 1286 2236 autem

150 2293 181 2338 eo
206 2277 369 2341 uolumine
395 2281 518 2359 praeter
545 2276 671 2358 Instini,
699 2276 878 2356 Athanasii,
905 2276 999 2340 Marii
1027 2276 1180 2342 Uictorini
1206 2275 1287 2356 Afri,

149 2379 254 2444 Hilarii
278 2379 498 2462 Pictaniensis,
521 2379 692 2461 Ambrosii,
716 2379 892 2464 Theophili,
917 2380 1024 2461 Idacii,
1040 2379 1157 2464 Gyrilli,
1174 2381 1286 2460 Procli,

149 2482 311 2564 Timothei,
328 2483 486 2548 Uincentii
498 2483 688 2565 LeriuensiS,
704 2485 851 2568 Prosperi
861 2484 1043 2566 Aquitanici
1059 2486 1176 2567 scripta
1190 2503 1285 2566 quae-

148 2587 215 2651 dam
241 2588 379 2654 Uictoris
409 2587 545 2672 episcopi
574 2588 647 2652 fidei
676 2589 756 2653 ratio
786 2589 944 2652 Hunerico
974 2590 1040 2672 regi
1071 2588 1284 2653 Uaudalorum

148 2693 273 2773 reddita,
298 2691 434 2757 Cerealis
457 2693 594 2776 episcopi
610 2692 877 2777 ceuheginiensis
897 2692 1048 2757 aduersus
1063 2693 1284 2773 Maximinum,

148 2793 259 2861 Gelasii
283 2797 418 2880 episcopi
434 2796 568 2861 Romam
591 2797 629 2860 de
652 2797 772 2861 duabus
796 2797 917 2862 naturis
940 2799 971 2861 in
988 2797 1110 2863 Christo
1133 2798 1285 2862 aduersus

147 2897 406 2984 Eutychianistas,
429 2901 556 2966 Ioannis
579 2902 715 2985 episcopi
734 2902 868 2966 Romani
890 2902 928 2964 de
955 2901 1077 2966 duabus
1104 2903 1224 2966 naturis
1251 2901 1283 2968 in

147 3000 277 3084 Christo,
300 3003 429 3068 Fausti
452 3005 618 3087 episcopi
641 3004 733 3069 fidei
755 3005 852 3070 ratio
880 3009 917 3070 st
943 3006 1090 3088 aliquot
1115 3005 1284 3072 locorum

147 3106 240 3171 inter
267 3127 304 3172 se
333 3109 488 3173 collatio
517 3107 582 3192 (sol.
604 3106 832 3192 assu-240⁰),
859 3108 1012 3174 Antonini
1040 3111 1176 3192 episcopi
1203 3110 1284 3174 Con-

146 3211 358 3277 stantiniensis
384 3211 424 3276 ad
451 3211 622 3278 Aroaffium
651 3213 792 3278 exsulem
819 3215 1033 3294 consolatoria,
1063 3212 1192 3298 Aguelli
1219 3215 1284 3298 epi·

145 3315 226 3398 scopi
248 3317 287 3381 ud
310 3315 490 3381 Arminium
513 3317 552 3381 de
574 3319 694 3382 ratione
721 3316 805 3399 fidei,
836 3318 956 3383 Rustici
983 3319 1105 3382 diaconi
1131 3319 1283 3383 aduersus

146 3420 317 3503 acephalos.

184 3525 286 3609 Aegre
302 3525 444 3605 ferimus,
467 3524 550 3607 qnod
572 3543 635 3591 uon
659 3526 745 3590 addit
759 3525 928 3608 Sicharius,
950 3528 1034 3593 unde
1056 3545 1114 3592 sna
1133 3527 1283 3608 hauserit,

145 3626 201 3692 nisi
228 3629 309 3711 quod
336 3629 369 3694 in
396 3628 588 3713 praelatione
610 3630 723 3695 codicis
746 3631 910 3696 cuiusdam
933 3631 1150 3696 Mnrbaceusis
1174 3635 1206 3696 et
1232 3651 1283 3697 co-

145 3731 217 3796 dicis
240 3732 444 3813 Treuirensis,
467 3752 600 3816 quorum
622 3737 752 3816 uterque
776 3733 943 3800 Athanasii
964 3734 1060 3802 libros
1083 3736 1282 3801 de'trinitate

144 3837 339 3917 continuerit,
363 3838 554 3902 mentionem
577 3837 653 3903 lecit
672 3843 704 3902 et
719 3839 751 3902 in
768 3841 910 3923 margine
926 3839 965 3904 ad
979 3841 1125 3924 Prosperi
1140 3840 1282 3906 libellum

144 3939 178 4003 de
200 3939 298 4005 libero
320 3941 448 4007 arbitrio
469 3942 607 4007 codicem
622 3941 871 4024 Laurissensem,
893 3945 933 4008 ad
948 3943 1077 4028 Agnelli
1095 3946 1282 4028 opuseulum

145 4043 180 4108 de
200 4046 320 4110 rabone
343 4045 416 4110 fidei
437 4046 550 4110 iterum
574 4047 714 4111 codicem
737 4046 957 4112 Treuirensem
980 4053 1215 4114 commemorat.

183 4147 215 4214 Si
238 4150 433 4214 coniecturae
455 4151 542 4215 locus
566 4155 625 4230 est,
656 4151 764 4214 Fausti
791 4169 925 4234 pamum
952 4151 1094 4217 libellum
1117 4173 1153 4217 er
1177 4153 1281 4217 codice

144 4254 275 4334 quodam
306 4253 526 4338 depromptum
560 4274 629 4318 esse
663 4257 863 4335 coniecerim,
897 4273 958 4337 quo
992 4257 1054 4321 alia
1087 4275 1210 4339 quoqne
1243 4259 1281 4322 <le

144 4356 251 4422 eudem
273 4377 306 4421 re
329 4361 361 4422 et
376 4359 517 4423 eiusdem
533 4359 618 4423 tituli
633 4360 750 4443 scripta
765 4360 1017 4440 continebuntur,
1040 4361 1129 4425 uelut
1143 4361 1281 4427 Uictoris
