3100 4892
216 413 304 468 XXVI
662 415 903 483 Prolegomena.

216 592 395 656 collectione
418 591 592 673 quaeritur,
620 591 679 654 nisi
703 591 783 655 forte
806 590 1062 673 comprobantur,
1090 590 1211 671 quael.
1235 591 1255 653 l.
1279 607 1353 653 ccu-

215 697 283 777 ieci,
303 714 378 760 uoce
399 696 551 780 epistulae
571 713 748 760 sermonem
769 696 924 777 quendam
939 695 1047 759 Fausti
1063 713 1081 758 a
1096 692 1240 759 Caesario
1256 694 1353 778 signi-

214 800 309 864 ficari.

257 905 326 968 lam
350 906 386 970 de
411 905 552 988 epistulis
576 908 729 987 quantum
752 905 828 968 satis
850 904 967 968 (lictum
990 922 1058 966 esse
1079 902 1139 966 rati
1159 920 1222 967 unc
1240 902 1352 967 obtutu

214 1011 440 1093 componimus,
464 1026 524 1092 quo
548 1013 687 1093 ternpore
708 1009 850 1093 singulae
870 1009 1022 1091 epistulae
1042 1007 1174 1090 scriptae
1195 1007 1266 1088 sint,
1290 1007 1351 1088 uel,

214 1133 292 1197 quae
315 1115 354 1178 ad
377 1118 519 1197 tempora
541 1113 717 1178 delinienda
739 1113 857 1195 aliquid
879 1113 984 1176 ualere
1007 1111 1173 1176 credimus.

256 1219 400 1303 Epistula
422 1219 438 1282 l
462 1219 577 1301 scripta
599 1237 617 1282 a
640 1218 755 1282 Fausto
783 1218 926 1301 episcopo
954 1220 1026 1281 ante
1053 1217 1218 1280 concilium
1240 1215 1352 1281 Arela-

214 1327 304 1388 tense
327 1342 408 1388 anuo
431 1323 496 1387 iere
518 1320 671 1404 lunera.

257 1447 304 1511 ep.
320 1429 352 1491 II
375 1429 490 1510 scripta
513 1427 661 1491 aLucido
683 1425 867 1508 presbytero
890 1429 961 1510 post
982 1425 1149 1490 concilium
1164 1423 1351 1491 Arelatense

212 1551 293 1598 anno
315 1533 380 1596 lere
402 1531 476 1596 473.

256 1657 303 1720 ep.
320 1639 367 1701 III
391 1638 507 1721 scripta
530 1655 548 1700 a
570 1636 686 1700 Fausto
710 1637 852 1718 episcopo
876 1653 958 1699 anno
981 1635 1045 1698 iere
1068 1631 1141 1697 468.

256 1762 303 1825 ep.
320 1743 386 1806 IIII
409 1743 526 1826 scripta
548 1761 566 1806 a
589 1741 720 1804 Paulino
743 1739 969 1823 Burdegalensi
991 1743 1064 1802 ante
1087 1757 1134 1820 ep.
1151 1738 1189 1800 V.

256 1847 348 1928 ep.V
372 1847 489 1928 scripta
512 1865 530 1910 a
553 1847 669 1910 Fausto
693 1845 837 1928 episeopo
860 1847 932 1925 post
954 1862 1072 1907 annum
1094 1839 1168 1904 468.

255 1971 303 2033 ep.
320 1951 365 2015 VI
389 1952 504 2034 scripta
527 1969 545 2014 a
567 1951 683 2015 Fausto
707 1950 878 2014 exsulante.

255 2074 302 2138 ep.
320 2055 380 2118 VH
404 2056 518 2137 scripta
541 2073 560 2119 a
582 2055 697 2118 Fausto
725 2053 839 2118 abbate
866 2056 938 2117 ante
965 2071 1084 2117 annum
1110 2048 1174 2113 448
1201 2050 1251 2114 uel
1273 2048 1348 2114 451.

254 2179 301 2242 ep.
318 2159 397 2222 VIII
420 2162 451 2222 et
472 2159 502 2222 X
525 2159 658 2242 scriptae
682 2175 700 2221 a
723 2158 841 2222 Fausto
863 2158 1005 2240 episcopo
1029 2160 1102 2221 ante
1125 2155 1277 2220 exsilium.

255 2283 302 2346 ep.
319 2263 413 2327 VIIII
437 2264 551 2346 scripta
578 2281 597 2327 a
618 2263 735 2327 Fausto
763 2264 925 2327 exsulante
951 2263 991 2326 ad
1013 2261 1172 2327 Ruricium
1200 2260 1348 2325 clericum

210 2367 330 2432 ‘iactum
355 2372 426 2432 ante
449 2387 567 2432 annum
589 2365 664 2431 419.

254 2491 299 2554 ep.
318 2473 363 2535 XI
387 2473 504 2554 scripta
527 2491 545 2536 a
567 2472 683 2536 Fausto
707 2491 742 2536 ex
766 2471 874 2535 exsilic
896 2488 1022 2535 reuerso
1043 2474 1115 2553 post
1137 2489 1184 2554 ep.
1200 2469 1272 2534 XII.

254 2597 300 2659 ep.
318 2577 379 2640 Xll
403 2577 518 2658 scripta
540 2595 559 2640 a
581 2577 696 2640 Fausto
720 2595 747 2640 a.
764 2573 830 2638 485
852 2576 944 2639 modo
967 2595 1003 2640 er
1027 2576 1133 2640 exsilio
1155 2593 1291 2639 reuerso.

254 2681 405 2745 Faustum
433 2679 611 2746 homilias
640 2699 762 2764 quoque
790 2681 951 2764 scripsisse
977 2681 1060 2744 inter
1082 2698 1191 2744 omnes
1214 2683 1347 2760 constat,

209 2804 398 2868 quamquam
427 2785 502 2849 nihil
531 2785 568 2848 de
595 2785 655 2848 hac
681 2805 713 2848 re
736 2784 833 2849 habet
854 2784 1047 2865 Gennadius
1077 2785 1163 2849 cuius
1186 2785 1347 2849 silentium

209 2909 303 2972 supra
324 2910 353 2972 p.
371 2890 463 2954 XXII
485 2890 557 2954 iude
573 2890 785 2972 repetiuimuS,
808 2889 889 2971 quod
905 2889 1041 2953 Faustus
1061 2907 1114 2953 eas
1130 2889 1268 2953 nondum
1283 2890 1348 2952 edi·
1388 2921 1393 2926 ·

209 2995 290 3058 disse
313 2995 444 3074 uidetur,
472 3013 544 3058 cum
568 2993 749 3058 Gennadius
776 2994 953 3076 catalogum
980 2993 1122 3057 coniecit.
1160 2993 1282 3076 egimus
1309 2994 1347 3057 de

207 3099 316 3162 Fausti
339 3097 534 3162 sermonibus
557 3099 589 3162 in
612 3098 722 3162 studiis
746 3097 861 3162 nostris
884 3098 922 3161 de
938 3098 1046 3162 Fausti
1068 3098 1192 3181 scriptis
1214 3116 1245 3180 p.
1260 3096 1346 3159 47-

211 3201 273 3264 102
295 3203 339 3266 ita
366 3208 410 3282 ut,
438 3205 589 3285 quotquot
612 3220 631 3265 a
652 3201 813 3266 ueteribus
836 3201 1122 3283 recentioribusque
1145 3201 1346 3284 scriptoribus

208 3308 324 3371 Fausto
352 3305 598 3387 ascribebantur,
626 3307 845 3390 colligeremus
868 3306 1085 3387 collectosque,
1113 3325 1190 3370 num
1217 3306 1346 3390 genuini

209 3415 325 3492 essent,
340 3411 596 3475 examinaremus.
622 3414 654 3474 et
665 3411 742 3475 duas
754 3411 899 3494 inprimis
910 3411 1111 3475 homiliarum
1123 3411 1345 3475 Faustinarum

208 3515 405 3580 collectiones
434 3519 556 3580 exstare
579 3515 784 3595 ostendimus
811 3532 908 3578 unam
931 3533 950 3577 a
972 3515 1088 3580 Ioanne
1112 3515 1263 3599 Gaigneio
1285 3516 1346 3578 Pa-

209 3621 292 3684 risiis
316 3637 397 3683 anno
423 3617 504 3682 1547
531 3637 566 3682 er
589 3619 730 3683 codicum
754 3618 937 3682 auctoritate
959 3619 1087 3683 Eusebii
1110 3619 1246 3702 episcopi
1260 3619 1346 3683 nmi-

208 3725 275 3788 seni
305 3725 431 3788 nomine
461 3723 598 3806 primum
623 3723 748 3803 editam,
780 3741 859 3805 quae
882 3723 1021 3788 continet
1042 3721 1084 3785 56
1108 3741 1278 3804 sermones,
1306 3724 1344 3788 ab

208 3829 334 3893 Andrea
350 3827 477 3893 Schotto
501 3828 533 3891 in
549 3827 763 3892 Bibliothecae
786 3832 911 3909 patrum
927 3827 1121 3892 (heleniensis
1137 3831 1222 3892 tomo
1237 3829 1345 3910 quinto

210 3931 248 3994 18
276 3932 473 3996 sermonibus
500 3931 626 4015 partim,
655 3932 767 4014 partim
799 3949 979 3996 sermonum
1003 3933 1187 4014 Fragmentis
1209 3935 1344 4014 auctam,

207 4037 337 4100 alteram
365 4036 467 4100 codice
491 4035 678 4100 Durlacensi
701 4055 731 4100 n.
749 4034 791 4098 36
819 4040 987 4116 seruatam,
1018 4055 1097 4118 quae
1125 4034 1168 4097 22
1197 4035 1344 4101 homilias

207 4141 423 4224 complectitur
447 4145 479 4205 et
502 4158 600 4222 usque
623 4140 723 4204 adhue
739 4141 822 4205 edita
837 4159 900 4205 non
916 4145 974 4221 est,
996 4158 1187 4223 quamquam
1203 4141 1345 4224 singulae

205 4245 351 4309 homiliae
379 4245 471 4309 uariis
500 4245 683 4327 scriptorum
713 4245 891 4309 nominibus
913 4246 1083 4329 insignitae
1110 4244 1240 4309 diuersis
1267 4245 1344 4310 locis

207 4349 306 4414 editae
337 4353 469 4414 exstant.
508 4349 570 4413 huo
601 4350 753 4415 accedunt
784 4368 898 4416 nouem
928 4351 973 4414 illi
1008 4367 1168 4414 sermones
1202 4367 1221 4414 a
1253 4349 1344 4415 nobis
