3100 4892
239 423 314 488 ’128
495 451 499 459 ·
634 423 670 477 Π,
689 423 733 477 De
751 423 872 492 spiritu
892 427 1003 478 sancto

294 599 381 664 Mitti
404 602 531 681 epatre
562 601 595 662 et
623 598 684 664 filio
711 598 823 664 dieitur
846 599 936 663 etde
959 599 1097 683 ipsorum
1121 599 1299 666 substantia
1319 617 1393 682 pro·

251 703 360 768 cedere
390 706 422 768 et
450 722 550 767 unum
582 721 654 767 oum
685 704 729 767 eis
760 721 837 785 opus
865 721 957 787 egere
980 704 1152 770 dinoscitur
1175 707 1206 770 et
1228 707 1393 788 propterea

251 808 334 874 lilius
357 808 395 872 de
419 826 455 872 eo
478 807 566 872 dicit:
597 808 827 890 paracletus,
850 809 913 890 qni
936 812 1082 891 epatre
1104 809 1281 894 procedit.
1328 825 1393 874 non

252 913 329 978 dixit
352 916 481 995 epatre
508 916 631 976 creatus
654 916 713 992 est,
743 911 800 976 sed
823 916 953 996 epatre
975 913 1122 995 procedit,
1151 912 1182 976 id
1206 916 1254 978 est
1276 912 1314 978 de
1336 930 1394 995 ps-

211 1043 224 1082 o
252 1022 359 1082 ternuc
389 1017 547 1100 potentiae
577 1017 725 1081 societate
756 1020 789 1081 et
819 1016 856 1082 de
880 1017 1068 1101 proprietate
1091 1021 1231 1083 naturae.
1276 1016 1332 1081 sed
1357 1035 1394 1081 ex

250 1123 317 1205 ipso
345 1140 498 1202 sermone,
529 1139 600 1186 cum
627 1121 740 1185 dicitur
763 1139 782 1185 e
804 1124 893 1205 petre
915 1121 1090 1205 procedere,
1120 1122 1295 1186 ostenditur
1319 1139 1394 1185 cum

250 1230 339 1311 patre
361 1226 485 1290 initium
508 1243 571 1290 non
594 1224 720 1290 hebere.
755 1226 831 1307 quid
855 1229 903 1290 est
926 1229 1042 1307 entem,
1066 1227 1149 1309 qnod
1171 1245 1208 1290 ex
1229 1226 1287 1290 deo
1301 1229 1394 1308 putre

250 1330 333 1395 filius
363 1331 449 1394 nasci
479 1330 591 1394 dicitur
614 1333 647 1394 et
669 1329 798 1412 spiritus
823 1333 950 1396 sanctus
980 1331 1144 1414 procedere
1175 1329 1394 1414 significatur?

250 1435 277 1498 si
304 1436 454 1517 requires,
484 1434 558 1517 quid
581 1434 662 1498 inter
688 1437 871 1498 nascentem
894 1434 989 1499 distet
1012 1438 1044 1499 et
1064 1436 1295 1517 procedentem,
1327 1434 1395 1499 eni-

199 1566 224 1604 ιο
250 1539 359 1604 denter
382 1540 440 1604 hoc
462 1539 603 1619 interest,
631 1539 786 1621 quidiste
809 1558 845 1603 ex
868 1557 930 1604 uno
953 1539 1102 1620 nescitur,
1125 1540 1177 1604 ille
1201 1558 1238 1605 ex
1260 1543 1395 1623 utroque

249 1643 453 1728 progreditur.
500 1644 582 1726 quod
605 1662 677 1728 ergo
701 1644 829 1727 spiritus
853 1646 981 1708 sanctus
1005 1647 1133 1726 epatre
1156 1644 1304 1729 procedit,
1333 1644 1397 1708 triu

248 1749 281 1812 in
305 1767 340 1814 eo
363 1749 527 1832 priuilegio
550 1749 675 1813 deitatis
698 1747 845 1828 ostendit,
868 1747 898 1812 id
915 1752 973 1829 est,
996 1753 1032 1814 ut
1049 1749 1081 1812 in
1097 1767 1229 1832 persone
1244 1767 1301 1814 sua
1317 1748 1395 1814 sub-

250 1854 360 1919 sistere
391 1857 423 1918 et
452 1853 520 1918 sine
550 1854 613 1917 ullo
645 1854 744 1936 spatio
770 1853 921 1936 temporis
944 1871 1126 1936 permonere
1150 1857 1182 1918 et
1205 1854 1332 1918 omnino
1357 1872 1395 1917 ex

250 1957 429 2023 substancia
450 1959 548 2040 patris
570 1955 719 2041 probetur
742 1957 884 2022 existere.
924 1957 999 2021 dum
1022 1975 1094 2042 ergo
1117 1956 1282 2041 procedere
1307 1975 1394 2023 com·

199 2087 223 2126 rs
250 2065 452 2143 memoratur,
474 2062 543 2145 ipsu
564 2062 754 2145 proprietate
777 2061 930 2126 sermonis
954 2062 1047 2126 nullis
1070 2065 1247 2145 temporum
1266 2061 1393 2146 legibus

250 2166 472 2246 circumscribi,
495 2166 549 2230 sed
573 2166 660 2231 initio
684 2169 716 2230 et
737 2165 799 2230 fine
822 2184 926 2230 curere
950 2167 1156 2251 cognoscitur.
1196 2170 1228 2232 et
1249 2166 1325 2248 quia
1348 2166 1394 2230 lc-

248 2272 366 2355 gimus:
390 2289 457 2354 ego
480 2288 560 2334 sum
583 2271 645 2352 qui
667 2289 762 2352 sum,
787 2274 836 2336 et:
861 2271 924 2353 qui
939 2271 1116 2336 cstmisit
1135 2289 1205 2352 me,
1228 2269 1286 2335 hoc
1304 2271 1394 2334 simi·

248 2375 319 2440 liter
350 2375 466 2440 indicat
495 2378 527 2440 et
556 2374 704 2458 procedit.
750 2393 820 2439 esse
843 2375 926 2440 enim
950 2377 980 2440 et
1002 2376 1167 2459 procedere
1190 2375 1281 2439 unius
1307 2393 1394 2440 sem·

249 2480 437 2563 piternitatis
468 2480 624 2563 expressio
653 2482 710 2544 est
756 2497 829 2563 ergo
856 2481 925 2562 ipse
949 2480 1106 2563 processio
1129 2497 1186 2544 nec
1209 2479 1312 2563 primu
1335 2497 1394 2544 noc

197 2608 223 2648 eo
250 2587 389 2649 extremo
411 2584 595 2668 contingens
618 2584 697 2648 nulli
719 2584 771 2648 uel
787 2585 938 2668 principio
953 2584 1146 2668 intellegitur
1162 2583 1323 2648 subiacere
1340 2585 1394 2648 uel

249 2688 390 2753 termino.

291 2791 362 2857 Non
392 2811 465 2877 ergo
493 2792 564 2857 ideo
593 2793 726 2858 localem
756 2813 825 2858 esse
855 2793 1029 2874 credemus,
1061 2793 1134 2876 quia
1164 2793 1248 2858 mitti
1274 2811 1394 2858 eume

248 2901 336 2983 petre
360 2917 396 2961 ex
418 2898 549 2962 lectione
571 2897 770 2980 percipimus,
795 2915 868 2962 nem
891 2898 981 2961 etde
1005 2901 1092 2981 petre
1116 2901 1148 2962 et
1163 2897 1226 2962 filio
1241 2897 1393 2981 legimus,

248 3003 331 3086 quod
360 3003 449 3067 uelut
478 3002 612 3086 quodam
643 3006 730 3067 motu
761 3002 952 3066 descendant
983 3021 1018 3067 ac
1041 3002 1178 3067 ueniunt.
1225 3001 1393 3066 uideamus

196 3129 222 3170 ro
248 3107 313 3173 ubi.
349 3126 429 3192 ego,
453 3108 564 3190 inquit,
588 3111 624 3172 et
646 3111 752 3192 peter
776 3126 878 3172 meus
894 3107 1088 3172 ueniemus
1105 3110 1141 3171 et
1157 3106 1393 3172 mensionem

248 3212 344 3295 apud
373 3231 454 3276 eum
484 3212 674 3276 faciemus.
721 3216 752 3277 et
782 3213 906 3292 iterum,
939 3230 1010 3276 cum
1040 3212 1184 3296 gigantes
1209 3212 1242 3276 in
1265 3212 1393 3276 caelum

249 3320 368 3381 turrem
390 3317 574 3381 molirentur
596 3317 725 3400 erigere,
748 3317 845 3401 patris
868 3334 1000 3399 persone
1022 3316 1229 3400 proloquitm:
1259 3317 1392 3382 uenite

250 3421 519 3486 descendamus
543 3425 579 3486 et
601 3421 872 3487 confundamus
895 3421 1042 3505 linguas
1067 3439 1201 3486 eorum.
1246 3420 1298 3484 liic
1315 3439 1392 3506 ergo

351 3639 380 3708 3]
393 3638 485 3694 Iosnn.
498 3641 589 3704 15,26.
628 3638 851 3708 11]Ε1011.3,14.
888 3639 933 3708 25]
944 3638 1035 3693 Iounn.
1048 3641 1140 3704 14‚23.
1176 3637 1391 3708 27]Gen.11‚7.

294 3834 355 3887 let
372 3847 389 3885 u
405 3830 461 3884 filio
474 3831 502 3886 P
553 3830 742 3887 2dinoscotur
759 3833 785 3886 V
834 3829 1020 3900 dpuraclytus
1033 3832 1061 3887 P
1110 3829 1392 3900 ldixit1quiodd.u

248 3918 406 3974 5societsto
423 3917 558 3987 potentiue
571 3918 598 3971 P
648 3916 813 3973 6dicaturo
865 3919 1044 3973 linioiumP
1095 3932 1148 3972 non
1165 3934 1272 3972 mamm
1289 3919 1323 3972 du
1336 3919 1394 3974 PV

247 4006 354 4062 Snesci
372 4005 444 4059 filius
462 4006 490 4058 P
545 4007 608 4060 det
624 4005 810 4073 procedentem
830 4005 912 4059 distet
930 4007 957 4060 P
1013 4007 1043 4061 ll
1063 4005 1154 4073 quiec
1207 4007 1240 4060 13
1259 4005 1391 4073 temporis

247 4120 361 4188 spatior>
414 4121 446 4175 re
459 4117 629 4172 circumseri
642 4119 670 4172 P
720 4118 800 4171 inicio
813 4119 840 4172 P
890 4085 1004 4187 regemn}
1021 4119 1079 4185 ue
1097 4135 1168 4172 moe.
1181 4118 1241 4185 auo)
1296 4119 1329 4172 ro
1348 4119 1391 4170 est

247 4226 332 4262 oms
394 4208 428 4261 20
446 4205 608 4274 intelligitur
625 4207 659 4273 P,
677 4204 844 4275 intelligetur
869 4208 895 4261 V
962 4204 1151 4260 decredimus
1175 4205 1202 4258 P
1270 4205 1304 4258 23
1327 4219 1389 4272 per-

247 4294 364 4362 cepimus
387 4293 414 4346 P
482 4308 512 4345 oc
536 4311 590 4363 pro
612 4295 697 4350 altero
718 4295 746 4346 et
768 4294 796 4347 P
846 4295 879 4348 25
903 4309 977 4347 meus
1000 4310 1085 4348 011111
1157 4291 1338 4345 monesionem
1363 4291 1391 4346 P

248 4383 281 4436 27
300 4381 458 4435 molirentur
475 4381 553 4451 turriti
571 4382 599 4435 P
653 4380 771 4450 loquitur
790 4381 817 4434 P
867 4383 901 4437 28
923 4380 1112 4435 descendemus
1133 4397 1183 4436 om.
1204 4380 1231 4434 P
