3100 4892
220 383 238 446 8
596 445 599 450 ¹
681 383 702 436 Ι.
722 383 765 435 De
784 383 893 450 gratia

219 557 426 642 gubernatore
447 577 560 623 nauem
585 556 731 622 fluctibns
759 558 897 637 credant,
920 557 1059 621 medium
1081 560 1210 622 teneant
1231 575 1357 621 cursum

220 667 251 726 et
275 661 366 726 ambo
389 661 465 726 flatu
489 663 594 726 dertro
618 663 827 745 perducentur
851 662 889 725 ad
912 664 1046 744 portum.

262 766 443 847 Videamus
474 767 523 830 cui
553 767 705 849 impietati
731 766 893 850 geminum
915 766 998 830 hunc
1022 784 1157 829 errorem
1180 765 1357 829 adsimilare

219 871 269 936 uel
297 871 436 936 conferre
464 872 628 954 possimus.
674 870 741 954 pari
768 872 860 934 modo
887 871 918 935 in
945 873 1067 951 petram
1095 870 1233 934 scandali
1259 871 1357 934 offen·

180 993 193 1031 a
219 976 297 1039 dunt
319 976 369 1039 uel
393 976 449 1056 illi,
472 976 524 1057 qui
542 975 701 1040 Christum
723 975 885 1039 dominum
906 974 1008 1062 solum
1024 975 1127 1054 deum,
1151 974 1203 1037 uel
1224 974 1280 1053 illi,
1303 973 1357 1055 qui

219 1081 320 1144 solum
343 1080 504 1144 hominem
527 1080 645 1144 amissa
668 1080 863 1144 discretionis
886 1080 955 1143 luce
978 1097 1116 1142 asserere
1138 1095 1357 1161 praesumpse-

218 1188 300 1248 runt.
325 1203 424 1268 paene
440 1186 571 1266 utraque
587 1184 742 1264 nimietas,
759 1183 834 1247 dum
847 1182 1066 1247 discretionem
1082 1186 1175 1264 atque
1191 1183 1356 1246 discrimen

218 1293 323 1352 tenere
347 1289 455 1368 nescit,
484 1289 612 1370 aequale
636 1289 752 1351 crimen
781 1288 918 1351 incurrit.
964 1287 1092 1370 proinde
1120 1287 1173 1368 qui
1196 1285 1356 1350 Christum

220 1393 321 1456 solum
344 1391 504 1456 hominem
526 1391 645 1472 dixerit,
670 1391 799 1475 negauit
821 1391 955 1455 auctoris
975 1390 1156 1473 potentiam,
1180 1390 1232 1472 qui
1255 1389 1356 1454 solum

169 1511 193 1550 ¹⁰
220 1497 322 1576 deum,
350 1496 484 1578 perdidit
510 1495 753 1559 misericordiam
783 1494 996 1578 redemptoris.
1043 1512 1079 1557 ao
1102 1494 1157 1574 sic,
1184 1493 1356 1575 quidnam

219 1601 250 1665 in
266 1600 391 1664 domino
415 1601 569 1664 saluatore
593 1599 804 1664 substantiam
828 1599 1025 1678 confitentur,
1047 1598 1079 1661 in
1102 1596 1184 1661 hano
1203 1597 1357 1661 constrin-

218 1708 331 1787 gentur
355 1704 585 1783 necessitatem,
609 1707 645 1767 ut
666 1708 721 1767 aut
744 1703 846 1767 solum
868 1703 1028 1766 hominem
1052 1703 1136 1765 caelo
1158 1702 1282 1784 lapsum
1303 1705 1357 1765 aut

219 1808 320 1872 solum
344 1809 434 1872 deum
452 1811 602 1891 cogantur
626 1807 726 1872 dicere
743 1806 932 1870 crucifixum.
964 1807 1019 1870 sed
1042 1825 1103 1870 non
1126 1806 1170 1870 ita
1185 1811 1242 1870 est.
1275 1824 1357 1869 mor-

219 1915 284 1976 tem
306 1913 389 1976 enim
414 1931 470 1976 nec
494 1912 577 1976 solus
594 1911 670 1976 deus
694 1912 810 1974 sentire
834 1929 891 1974 neo
913 1911 997 1974 solus
1021 1911 1113 1974 homo
1134 1928 1280 1993 superare
1302 1927 1357 1992 po-

169 2030 193 2070 1⁵
219 2017 331 2080 luisset
363 2019 394 2080 ct
422 2017 491 2080 ideo
522 2035 591 2080 eam
626 2034 681 2100 pro
716 2016 860 2099 geminae
889 2016 1009 2079 ratione
1040 2014 1233 2079 substantiae
1263 2015 1356 2078 homo

219 2121 356 2202 suscepit
378 2123 408 2184 et
431 2120 506 2184 deus
530 2120 613 2184 uicit.
654 2121 679 2183 si
703 2138 775 2204 ergo
799 2119 940 2203 partibus
963 2122 1168 2201 proprietates
1192 2137 1265 2182 suas
1288 2119 1357 2182 red·

219 2225 273 2288 das
290 2229 321 2288 et
337 2223 497 2288 Christum
520 2224 614 2287 deum
638 2225 731 2288 simul
755 2227 848 2305 atque
871 2223 1029 2287 hominem
1046 2222 1153 2286 credas
1176 2225 1209 2286 et
1223 2241 1355 2302 asseras

218 2329 344 2411 perinde
368 2331 415 2392 est
437 2346 473 2392 ao
489 2329 515 2392 si
537 2329 671 2411 gratiam
695 2346 766 2392 oum
789 2327 894 2391 labore
917 2328 1087 2410 coniungas
1104 2329 1136 2391 et
1151 2326 1189 2390 ab
1207 2326 1357 2390 adiutorio

218 2431 267 2496 dei
283 2435 430 2496 conatum
453 2431 588 2495 hominis
612 2450 674 2495 non
693 2432 826 2514 repellas
850 2431 895 2494 ita
917 2434 1033 2510 tamen,
1056 2434 1092 2493 ut
1114 2430 1283 2494 adnitentis
1300 2431 1357 2510 de-

166 2551 192 2590 eo
217 2536 335 2601 notioni
358 2536 499 2600 elationis
520 2537 645 2618 culpam
660 2537 785 2616 penitus
808 2554 870 2600 non
894 2535 1076 2614 admisceas
1100 2535 1355 2616 quiaquantum

217 2640 398 2704 detrimenti
426 2643 474 2704 est
500 2657 562 2703 non
588 2639 740 2720 laborare,
767 2643 892 2703 tantum
918 2639 1047 2721 periculi
1075 2638 1113 2702 de
1134 2637 1241 2703 labore
1268 2657 1357 2721 prae-

218 2763 350 2808 sumere.

260 2848 344 2911 Dicit
374 2865 447 2930 ergo
476 2847 632 2931 Pelagius,
664 2848 746 2928 quod
777 2848 816 2910 ad
846 2847 1048 2911 obtinendam
1079 2847 1213 2911 salutem
1244 2851 1356 2910 natura

217 2951 353 3015 hominis
382 2951 442 3015 sibi
470 2952 535 3016 sola
558 2952 701 3015 sufficiat.
748 2952 793 3014 ita
818 2951 895 3014 haec
921 2951 1049 3032 pestifer
1072 2951 1178 3015 doctor
1200 2951 1355 3029 adfirmat,

166 3069 191 3109 2⁵
218 3057 306 3136 quasi
335 3055 434 3120 adhuc
461 3057 582 3119 factura
609 3055 791 3119 conditionis
819 3059 942 3119 nostrae
970 3056 1001 3118 in
1029 3059 1115 3118 statu
1143 3073 1198 3118 suo
1225 3055 1356 3119 inlibata

216 3163 408 3240 permaneat.
452 3178 508 3242 ego
533 3159 676 3238 arbitror,
700 3159 782 3241 quod
804 3158 933 3222 libertas
956 3158 1075 3221 arbitrii
1099 3157 1159 3222 sibi
1181 3159 1248 3222 sola
1269 3157 1356 3221 suffi-

217 3283 285 3326 cere
302 3264 369 3327 sine
392 3263 546 3346 praesidio
562 3263 680 3346 gratiae
703 3281 765 3327 nou
788 3263 932 3345 potuerit,
956 3263 1052 3326 etiam
1069 3266 1238 3344 antequam
1261 3263 1356 3345 priui-

217 3367 335 3450 legium
358 3368 441 3432 illius
465 3369 672 3451 transgressio
695 3368 797 3451 prima
820 3369 958 3433 uiolaret.
1003 3369 1157 3449 quomodo
1178 3386 1251 3430 uero
1274 3387 1356 3432 nuno

217 3475 321 3553 potest
343 3471 404 3534 sihi
432 3473 498 3536 sola
521 3471 674 3552 sufficere,
703 3472 852 3536 adonius
880 3473 1092 3555 arrogantiam
1116 3472 1243 3535 dicitur:
1271 3473 1357 3553 quia

164 3591 190 3628 ³0
218 3576 297 3639 sine
325 3595 380 3638 me
408 3575 501 3640 nihil
528 3576 689 3658 potestis
717 3576 855 3656 facere,
887 3575 926 3639 ad
954 3578 1041 3640 ouius
1068 3577 1354 3660 praesumptionem

218 3679 342 3743 diuinus
359 3698 460 3743 sermo
473 3679 629 3763 dirigitur:
647 3681 718 3744 nisi
735 3679 905 3743 dominus
922 3680 1185 3745 aedificauerit
1200 3682 1356 3763 domum,

320 3887 366 3955 ae]
385 3885 476 3940 roam.
498 3889 538 3948 15,
551 3889 574 3940 5.
629 3885 674 3954 ar]
693 3883 792 3938 nsum.
813 3887 870 3949 rao,
884 3888 907 3940 1.

261 4059 420 4114 lnauimo
485 4062 602 4126 lpaena
620 4060 647 4112 P
707 4061 835 4126 utraquae
854 4060 881 4112 P
941 4059 1001 4127 adq;
1020 4059 1047 4112 P
1109 4062 1141 4114 10
1160 4059 1358 4112 redemtorisP

219 4149 249 4201 14
269 4145 466 4200 neo—sentiro
487 4147 550 4200 add.
570 4146 610 4198 Ρ2
632 4147 664 4198 in
682 4149 736 4213 fine
753 4147 874 4214 papiano
892 4146 1012 4211 (sentiret
1031 4147 1083 4212 Po
1155 4150 1186 4202 15
1210 4146 1317 4214 gemina
1341 4165 1356 4201 o

219 4237 250 4289 16
269 4233 380 4303 suscipit
397 4240 421 4288 et
439 4233 524 4286 uincit
543 4234 570 4286 P
632 4236 665 4287 20
683 4233 805 4301 paenitus
824 4234 851 4285 P
901 4235 935 4287 23
956 4232 1126 4301 optinendam
1146 4235 1173 4287 P
1201 4235 1258 4300 ,24
1277 4232 1356 4287 hice

217 4323 250 4376 25
264 4339 329 4374 1111111
344 4318 454 4373 inlibato
472 4320 663 4376 scribendum?
723 4321 757 4374 28
774 4318 950 4387 primamne
