<?xml version="1.0" encoding="UTF-8"?>
<!DOCTYPE html PUBLIC "-//W3C//DTD XHTML 1.0 Transitional//EN"
    "http://www.w3.org/TR/xhtml1/DTD/xhtml1-transitional.dtd">
<html xmlns="http://www.w3.org/1999/xhtml" xml:lang="en" lang="en">
 <head>
  <title>
</title>
<meta http-equiv="Content-Type" content="text/html;charset=utf-8" />
  <meta name='ocr-system' content='tesseract 3.04.00' />
  <meta name='ocr-capabilities' content='ocr_page ocr_carea ocr_par ocr_line ocrx_word'/>
</head>
<body>
  <div class='ocr_page' id='page_1' title='image "./corpusscriptoru19wiengoog_0179.png"; bbox 0 0 3100 4892; ppageno 0'>
   <div class='ocr_carea' id='block_1_1' title="bbox 643 452 1317 519">
    <p class='ocr_par' dir='ltr' id='par_1_1' title="bbox 643 452 1317 519">
     <span class='ocr_line' id='line_1_1' title="bbox 643 452 1317 519; baseline 0.001 -12"><span class='ocrx_word' id='word_1_1' title='bbox 643 452 739 507; x_wconf 87' lang='lat' dir='ltr'>Liber</span> <span class='ocrx_word' id='word_1_2' title='bbox 759 453 788 506; x_wconf 89' lang='lat'>11</span> <span class='ocrx_word' id='word_1_3' title='bbox 808 456 846 509; x_wconf 84' lang='lat'>12.</span> <span class='ocrx_word' id='word_1_4' title='bbox 1274 454 1317 519; x_wconf 85' lang='lat'>93</span> 
     </span>
    </p>
   </div>
   <div class='ocr_carea' id='block_1_2' title="bbox 172 627 1368 3430">
    <p class='ocr_par' dir='ltr' id='par_1_2' title="bbox 172 627 1368 3012">
     <span class='ocr_line' id='line_1_2' title="bbox 218 627 1316 711; baseline 0 -18"><span class='ocrx_word' id='word_1_5' title='bbox 218 627 278 693; x_wconf 89' lang='lat' dir='ltr'>Sed</span> <span class='ocrx_word' id='word_1_6' title='bbox 300 628 359 692; x_wconf 91' lang='lat' dir='ltr'>hoc</span> <span class='ocrx_word' id='word_1_7' title='bbox 381 628 449 692; x_wconf 88' lang='lat' dir='ltr'>loco</span> <span class='ocrx_word' id='word_1_8' title='bbox 471 628 623 693; x_wconf 91' lang='lat' dir='ltr'>sollicitus</span> <span class='ocrx_word' id='word_1_9' title='bbox 646 628 790 692; x_wconf 90' lang='lat' dir='ltr'>intendat</span> <span class='ocrx_word' id='word_1_10' title='bbox 813 629 934 693; x_wconf 79' lang='lat' dir='ltr'>auditor</span> <span class='ocrx_word' id='word_1_11' title='bbox 954 630 1071 694; x_wconf 90' lang='lat' dir='ltr'>auctori</span> <span class='ocrx_word' id='word_1_12' title='bbox 1088 649 1221 711; x_wconf 92' lang='lat' dir='ltr'>summo,</span> <span class='ocrx_word' id='word_1_13' title='bbox 1244 649 1316 694; x_wconf 91' lang='lat' dir='ltr'>cum</span> 
     </span>
     <span class='ocr_line' id='line_1_3' title="bbox 175 732 1317 815; baseline 0.002 -18"><span class='ocrx_word' id='word_1_14' title='bbox 175 732 335 797; x_wconf 90' lang='lat' dir='ltr'>hominem</span> <span class='ocrx_word' id='word_1_15' title='bbox 357 732 515 815; x_wconf 89' lang='lat' dir='ltr'>plasmare</span> <span class='ocrx_word' id='word_1_16' title='bbox 538 732 724 815; x_wconf 80' lang='lat' dir='ltr'>disponeret,</span> <span class='ocrx_word' id='word_1_17' title='bbox 748 734 877 813; x_wconf 88' lang='lat' dir='ltr'>auctori,</span> <span class='ocrx_word' id='word_1_18' title='bbox 901 733 1040 815; x_wconf 88' lang='lat' dir='ltr'>inquam,</span> <span class='ocrx_word' id='word_1_19' title='bbox 1064 753 1188 799; x_wconf 90' lang='lat' dir='ltr'>summo</span> <span class='ocrx_word' id='word_1_20' title='bbox 1210 736 1242 799; x_wconf 89' lang='lat' dir='ltr'>iu</span> <span class='ocrx_word' id='word_1_21' title='bbox 1259 736 1317 799; x_wconf 92' lang='lat' dir='ltr'>mi-</span> 
     </span>
     <span class='ocr_line' id='line_1_4' title="bbox 175 837 1317 920; baseline 0.002 -19"><span class='ocrx_word' id='word_1_22' title='bbox 175 837 337 901; x_wconf 85' lang='lat' dir='ltr'>nisterium</span> <span class='ocrx_word' id='word_1_23' title='bbox 361 840 393 901; x_wconf 89' lang='lat' dir='ltr'>et</span> <span class='ocrx_word' id='word_1_24' title='bbox 415 838 580 902; x_wconf 88' lang='lat' dir='ltr'>consilium</span> <span class='ocrx_word' id='word_1_25' title='bbox 603 837 739 901; x_wconf 88' lang='lat' dir='ltr'>hominis</span> <span class='ocrx_word' id='word_1_26' title='bbox 760 837 935 902; x_wconf 84' lang='lat' dir='ltr'>fabricandi</span> <span class='ocrx_word' id='word_1_27' title='bbox 950 841 1096 920; x_wconf 87' lang='lat' dir='ltr'>quattuor</span> <span class='ocrx_word' id='word_1_28' title='bbox 1111 840 1237 903; x_wconf 86' lang='lat' dir='ltr'>astitere</span> <span class='ocrx_word' id='word_1_29' title='bbox 1253 840 1317 903; x_wconf 89' lang='lat' dir='ltr'>uir·</span> 
     </span>
     <span class='ocr_line' id='line_1_5' title="bbox 175 942 1318 1026; baseline 0.002 -21"><span class='ocrx_word' id='word_1_30' title='bbox 175 945 266 1005; x_wconf 77' lang='lat' dir='ltr'>tutes,</span> <span class='ocrx_word' id='word_1_31' title='bbox 319 960 400 1023; x_wconf 88' lang='lat' dir='ltr'>quae</span> <span class='ocrx_word' id='word_1_32' title='bbox 435 944 603 1023; x_wconf 77' lang='lat' dir='ltr'>quattuor?</span> <span class='ocrx_word' id='word_1_33' title='bbox 655 943 796 1024; x_wconf 90' lang='lat' dir='ltr'>potentia</span> <span class='ocrx_word' id='word_1_34' title='bbox 826 942 949 1024; x_wconf 89' lang='lat' dir='ltr'>utique,</span> <span class='ocrx_word' id='word_1_35' title='bbox 988 942 1127 1023; x_wconf 90' lang='lat' dir='ltr'>bonitas,</span> <span class='ocrx_word' id='word_1_36' title='bbox 1162 943 1318 1026; x_wconf 81' lang='lat' dir='ltr'>sapientia</span> 
     </span>
     <span class='ocr_line' id='line_1_6' title="bbox 175 1045 1368 1129; baseline 0.003 -20"><span class='ocrx_word' id='word_1_37' title='bbox 175 1050 267 1127; x_wconf 78' lang='lat' dir='ltr'>atque</span> <span class='ocrx_word' id='word_1_38' title='bbox 298 1045 427 1111; x_wconf 90' lang='lat' dir='ltr'>iustitia.</span> <span class='ocrx_word' id='word_1_39' title='bbox 473 1050 508 1111; x_wconf 93' lang='lat' dir='ltr'>tu</span> <span class='ocrx_word' id='word_1_40' title='bbox 537 1046 618 1125; x_wconf 89' lang='lat' dir='ltr'>uide,</span> <span class='ocrx_word' id='word_1_41' title='bbox 648 1064 744 1127; x_wconf 88' lang='lat' dir='ltr'>quam</span> <span class='ocrx_word' id='word_1_42' title='bbox 775 1047 831 1111; x_wconf 94' lang='lat' dir='ltr'>deo</span> <span class='ocrx_word' id='word_1_43' title='bbox 863 1066 899 1110; x_wconf 83' lang='lat' dir='ltr'>er</span> <span class='ocrx_word' id='word_1_44' title='bbox 930 1047 977 1111; x_wconf 91' lang='lat' dir='ltr'>his</span> <span class='ocrx_word' id='word_1_45' title='bbox 1009 1052 1154 1129; x_wconf 90' lang='lat' dir='ltr'>quattuor</span> <span class='ocrx_word' id='word_1_46' title='bbox 1179 1048 1315 1111; x_wconf 81' lang='lat' dir='ltr'>defuisse</span> <span class='ocrx_word' id='word_1_47' title='bbox 1355 1075 1368 1115; x_wconf 79' lang='lat' dir='ltr'>r</span> 
     </span>
     <span class='ocr_line' id='line_1_7' title="bbox 175 1150 1316 1232; baseline 0.003 -19"><span class='ocrx_word' id='word_1_48' title='bbox 175 1168 358 1232; x_wconf 81' lang='lat' dir='ltr'>praesumas</span> <span class='ocrx_word' id='word_1_49' title='bbox 392 1168 540 1216; x_wconf 87' lang='lat' dir='ltr'>asserere.</span> <span class='ocrx_word' id='word_1_50' title='bbox 594 1150 699 1232; x_wconf 85' lang='lat' dir='ltr'>itaque</span> <span class='ocrx_word' id='word_1_51' title='bbox 729 1151 768 1215; x_wconf 91' lang='lat' dir='ltr'>ad</span> <span class='ocrx_word' id='word_1_52' title='bbox 799 1152 994 1215; x_wconf 90' lang='lat' dir='ltr'>intellectum</span> <span class='ocrx_word' id='word_1_53' title='bbox 1026 1153 1200 1216; x_wconf 89' lang='lat' dir='ltr'>euidentius</span> <span class='ocrx_word' id='word_1_54' title='bbox 1231 1153 1316 1216; x_wconf 91' lang='lat' dir='ltr'>colli-</span> 
     </span>
     <span class='ocr_line' id='line_1_8' title="bbox 173 1255 1316 1339; baseline 0.003 -21"><span class='ocrx_word' id='word_1_55' title='bbox 173 1255 311 1337; x_wconf 85' lang='lat' dir='ltr'>gendum</span> <span class='ocrx_word' id='word_1_56' title='bbox 334 1256 502 1337; x_wconf 87' lang='lat' dir='ltr'>proferant,</span> <span class='ocrx_word' id='word_1_57' title='bbox 533 1256 559 1319; x_wconf 91' lang='lat' dir='ltr'>si</span> <span class='ocrx_word' id='word_1_58' title='bbox 581 1256 694 1338; x_wconf 84' lang='lat' dir='ltr'>placet,</span> <span class='ocrx_word' id='word_1_59' title='bbox 720 1256 863 1339; x_wconf 83' lang='lat' dir='ltr'>singulae</span> <span class='ocrx_word' id='word_1_60' title='bbox 886 1256 964 1319; x_wconf 90' lang='lat' dir='ltr'>istae</span> <span class='ocrx_word' id='word_1_61' title='bbox 988 1258 1119 1321; x_wconf 88' lang='lat' dir='ltr'>uirtutes</span> <span class='ocrx_word' id='word_1_62' title='bbox 1143 1258 1230 1338; x_wconf 88' lang='lat' dir='ltr'>quasi</span> <span class='ocrx_word' id='word_1_63' title='bbox 1253 1261 1316 1321; x_wconf 91' lang='lat' dir='ltr'>tra·</span> 
     </span>
     <span class='ocr_line' id='line_1_9' title="bbox 174 1360 1317 1443; baseline 0.001 -20"><span class='ocrx_word' id='word_1_64' title='bbox 174 1363 276 1424; x_wconf 85' lang='lat' dir='ltr'>clatus</span> <span class='ocrx_word' id='word_1_65' title='bbox 312 1364 344 1423; x_wconf 86' lang='lat' dir='ltr'>ot</span> <span class='ocrx_word' id='word_1_66' title='bbox 377 1360 587 1425; x_wconf 79' lang='lat' dir='ltr'>adlocutiones</span> <span class='ocrx_word' id='word_1_67' title='bbox 623 1378 705 1424; x_wconf 88' lang='lat' dir='ltr'>suas.</span> <span class='ocrx_word' id='word_1_68' title='bbox 765 1361 905 1443; x_wconf 90' lang='lat' dir='ltr'>potentia</span> <span class='ocrx_word' id='word_1_69' title='bbox 935 1361 1029 1425; x_wconf 88' lang='lat' dir='ltr'>dicat:</span> <span class='ocrx_word' id='word_1_70' title='bbox 1065 1361 1216 1426; x_wconf 86' lang='lat' dir='ltr'>iaciamus</span> <span class='ocrx_word' id='word_1_71' title='bbox 1245 1364 1317 1443; x_wconf 91' lang='lat' dir='ltr'>post</span> 
     </span>
     <span class='ocr_line' id='line_1_10' title="bbox 174 1464 1316 1548; baseline 0.001 -21"><span class='ocrx_word' id='word_1_72' title='bbox 174 1464 250 1528; x_wconf 89' lang='lat' dir='ltr'>caeli</span> <span class='ocrx_word' id='word_1_73' title='bbox 280 1484 413 1548; x_wconf 86' lang='lat' dir='ltr'>regnum</span> <span class='ocrx_word' id='word_1_74' title='bbox 436 1465 469 1529; x_wconf 92' lang='lat' dir='ltr'>in</span> <span class='ocrx_word' id='word_1_75' title='bbox 492 1464 637 1529; x_wconf 90' lang='lat' dir='ltr'>secundis</span> <span class='ocrx_word' id='word_1_76' title='bbox 660 1464 838 1529; x_wconf 89' lang='lat' dir='ltr'>mirabilem</span> <span class='ocrx_word' id='word_1_77' title='bbox 862 1470 1046 1546; x_wconf 88' lang='lat' dir='ltr'>creaturam,</span> <span class='ocrx_word' id='word_1_78' title='bbox 1079 1486 1117 1530; x_wconf 90' lang='lat' dir='ltr'>ne</span> <span class='ocrx_word' id='word_1_79' title='bbox 1140 1466 1171 1529; x_wconf 92' lang='lat' dir='ltr'>in</span> <span class='ocrx_word' id='word_1_80' title='bbox 1195 1465 1316 1548; x_wconf 90' lang='lat' dir='ltr'>imperii</span> 
     </span>
     <span class='ocr_line' id='line_1_11' title="bbox 174 1569 1368 1653; baseline 0.004 -21"><span class='ocrx_word' id='word_1_81' title='bbox 174 1569 273 1633; x_wconf 86' lang='lat' dir='ltr'>nostri</span> <span class='ocrx_word' id='word_1_82' title='bbox 294 1569 503 1651; x_wconf 87' lang='lat' dir='ltr'>possessione,</span> <span class='ocrx_word' id='word_1_83' title='bbox 526 1588 604 1651; x_wconf 90' lang='lat' dir='ltr'>quae</span> <span class='ocrx_word' id='word_1_84' title='bbox 626 1570 730 1653; x_wconf 90' lang='lat' dir='ltr'>prima</span> <span class='ocrx_word' id='word_1_85' title='bbox 751 1574 836 1650; x_wconf 89' lang='lat' dir='ltr'>sunt,</span> <span class='ocrx_word' id='word_1_86' title='bbox 859 1570 936 1633; x_wconf 90' lang='lat' dir='ltr'>hace</span> <span class='ocrx_word' id='word_1_87' title='bbox 960 1570 1054 1634; x_wconf 89' lang='lat' dir='ltr'>etiam</span> <span class='ocrx_word' id='word_1_88' title='bbox 1078 1570 1241 1634; x_wconf 88' lang='lat' dir='ltr'>uideantur</span> <span class='ocrx_word' id='word_1_89' title='bbox 1265 1588 1316 1633; x_wconf 83' lang='lat' dir='ltr'>er·</span> <span class='ocrx_word' id='word_1_90' title='bbox 1344 1598 1368 1637; x_wconf 79' lang='lat' dir='ltr'>ro</span> 
     </span>
     <span class='ocr_line' id='line_1_12' title="bbox 173 1674 1316 1757; baseline 0.001 -21"><span class='ocrx_word' id='word_1_91' title='bbox 173 1677 283 1737; x_wconf 89' lang='lat' dir='ltr'>trema.</span> <span class='ocrx_word' id='word_1_92' title='bbox 329 1674 423 1738; x_wconf 88' lang='lat' dir='ltr'>istam</span> <span class='ocrx_word' id='word_1_93' title='bbox 453 1674 627 1756; x_wconf 87' lang='lat' dir='ltr'>speciosam</span> <span class='ocrx_word' id='word_1_94' title='bbox 650 1674 760 1738; x_wconf 91' lang='lat' dir='ltr'>mundi</span> <span class='ocrx_word' id='word_1_95' title='bbox 783 1675 960 1757; x_wconf 82' lang='lat' dir='ltr'>machinam</span> <span class='ocrx_word' id='word_1_96' title='bbox 984 1692 1250 1755; x_wconf 89' lang='lat' dir='ltr'>consummemus,</span> <span class='ocrx_word' id='word_1_97' title='bbox 1280 1678 1316 1737; x_wconf 91' lang='lat' dir='ltr'>ut</span> 
     </span>
     <span class='ocr_line' id='line_1_13' title="bbox 172 1777 1314 1861; baseline 0.002 -20"><span class='ocrx_word' id='word_1_98' title='bbox 172 1778 203 1841; x_wconf 90' lang='lat' dir='ltr'>in</span> <span class='ocrx_word' id='word_1_99' title='bbox 230 1796 268 1841; x_wconf 90' lang='lat' dir='ltr'>ea</span> <span class='ocrx_word' id='word_1_100' title='bbox 290 1777 451 1843; x_wconf 91' lang='lat' dir='ltr'>hominem</span> <span class='ocrx_word' id='word_1_101' title='bbox 473 1779 638 1859; x_wconf 86' lang='lat' dir='ltr'>iaciamus,</span> <span class='ocrx_word' id='word_1_102' title='bbox 669 1783 701 1843; x_wconf 91' lang='lat' dir='ltr'>et</span> <span class='ocrx_word' id='word_1_103' title='bbox 723 1778 952 1861; x_wconf 87' lang='lat' dir='ltr'>praeficiamus,</span> <span class='ocrx_word' id='word_1_104' title='bbox 983 1798 1038 1861; x_wconf 88' lang='lat' dir='ltr'>per</span> <span class='ocrx_word' id='word_1_105' title='bbox 1061 1797 1155 1860; x_wconf 88' lang='lat' dir='ltr'>quem</span> <span class='ocrx_word' id='word_1_106' title='bbox 1178 1779 1314 1843; x_wconf 90' lang='lat' dir='ltr'>mundus</span> 
     </span>
     <span class='ocr_line' id='line_1_14' title="bbox 173 1881 1315 1965; baseline 0.002 -20"><span class='ocrx_word' id='word_1_107' title='bbox 173 1881 342 1964; x_wconf 82' lang='lat' dir='ltr'>ordinetur,</span> <span class='ocrx_word' id='word_1_108' title='bbox 364 1883 570 1965; x_wconf 83' lang='lat' dir='ltr'>possideatur,</span> <span class='ocrx_word' id='word_1_109' title='bbox 595 1888 731 1948; x_wconf 88' lang='lat' dir='ltr'>ornetur.</span> <span class='ocrx_word' id='word_1_110' title='bbox 773 1884 897 1948; x_wconf 88' lang='lat' dir='ltr'>bonitas</span> <span class='ocrx_word' id='word_1_111' title='bbox 922 1884 1017 1947; x_wconf 87' lang='lat' dir='ltr'>dicat:</span> <span class='ocrx_word' id='word_1_112' title='bbox 1042 1884 1089 1948; x_wconf 87' lang='lat' dir='ltr'>iss</span> <span class='ocrx_word' id='word_1_113' title='bbox 1113 1902 1176 1948; x_wconf 93' lang='lat' dir='ltr'>nou</span> <span class='ocrx_word' id='word_1_114' title='bbox 1200 1888 1257 1963; x_wconf 92' lang='lat' dir='ltr'>est,</span> <span class='ocrx_word' id='word_1_115' title='bbox 1280 1886 1315 1947; x_wconf 90' lang='lat' dir='ltr'>ut</span> 
     </span>
     <span class='ocr_line' id='line_1_15' title="bbox 174 1986 1315 2071; baseline 0.001 -21"><span class='ocrx_word' id='word_1_116' title='bbox 174 1987 240 2051; x_wconf 89' lang='lat' dir='ltr'>sula</span> <span class='ocrx_word' id='word_1_117' title='bbox 267 1986 426 2052; x_wconf 89' lang='lat' dir='ltr'>beneficiis</span> <span class='ocrx_word' id='word_1_118' title='bbox 457 1989 571 2053; x_wconf 90' lang='lat' dir='ltr'>uostris</span> <span class='ocrx_word' id='word_1_119' title='bbox 602 1989 750 2053; x_wconf 86' lang='lat' dir='ltr'>caelestia</span> <span class='ocrx_word' id='word_1_120' title='bbox 779 1988 988 2071; x_wconf 86' lang='lat' dir='ltr'>perfruantur.</span> <span class='ocrx_word' id='word_1_121' title='bbox 1038 1989 1190 2053; x_wconf 88' lang='lat' dir='ltr'>iaciamus</span> <span class='ocrx_word' id='word_1_122' title='bbox 1222 1992 1253 2053; x_wconf 91' lang='lat' dir='ltr'>et</span> <span class='ocrx_word' id='word_1_123' title='bbox 1282 1989 1315 2051; x_wconf 95' lang='lat' dir='ltr'>in</span> 
     </span>
     <span class='ocr_line' id='line_1_16' title="bbox 173 2092 1367 2177; baseline 0.003 -22"><span class='ocrx_word' id='word_1_124' title='bbox 173 2096 254 2155; x_wconf 92' lang='lat' dir='ltr'>terra</span> <span class='ocrx_word' id='word_1_125' title='bbox 275 2092 447 2173; x_wconf 91' lang='lat' dir='ltr'>homiuem,</span> <span class='ocrx_word' id='word_1_126' title='bbox 471 2094 553 2157; x_wconf 89' lang='lat' dir='ltr'>circa</span> <span class='ocrx_word' id='word_1_127' title='bbox 575 2111 670 2175; x_wconf 87' lang='lat' dir='ltr'>quem</span> <span class='ocrx_word' id='word_1_128' title='bbox 693 2093 919 2158; x_wconf 89' lang='lat' dir='ltr'>abundantiam</span> <span class='ocrx_word' id='word_1_129' title='bbox 942 2094 1060 2177; x_wconf 84' lang='lat' dir='ltr'>gratiae</span> <span class='ocrx_word' id='word_1_130' title='bbox 1084 2097 1208 2157; x_wconf 87' lang='lat' dir='ltr'>nostrae</span> <span class='ocrx_word' id='word_1_131' title='bbox 1229 2112 1315 2157; x_wconf 83' lang='lat' dir='ltr'>exer·</span> <span class='ocrx_word' id='word_1_132' title='bbox 1343 2118 1367 2159; x_wconf 79' lang='lat' dir='ltr'>is</span> 
     </span>
     <span class='ocr_line' id='line_1_17' title="bbox 175 2196 1315 2279; baseline 0.001 -20"><span class='ocrx_word' id='word_1_133' title='bbox 175 2213 310 2278; x_wconf 90' lang='lat' dir='ltr'>ceamus,</span> <span class='ocrx_word' id='word_1_134' title='bbox 334 2197 415 2261; x_wconf 90' lang='lat' dir='ltr'>circa</span> <span class='ocrx_word' id='word_1_135' title='bbox 437 2216 531 2279; x_wconf 89' lang='lat' dir='ltr'>quem</span> <span class='ocrx_word' id='word_1_136' title='bbox 554 2196 784 2262; x_wconf 89' lang='lat' dir='ltr'>beniuolentiae</span> <span class='ocrx_word' id='word_1_137' title='bbox 806 2216 938 2262; x_wconf 89' lang='lat' dir='ltr'>munera</span> <span class='ocrx_word' id='word_1_138' title='bbox 960 2198 1138 2279; x_wconf 88' lang='lat' dir='ltr'>dilatemus,</span> <span class='ocrx_word' id='word_1_139' title='bbox 1166 2199 1198 2262; x_wconf 90' lang='lat' dir='ltr'>in</span> <span class='ocrx_word' id='word_1_140' title='bbox 1221 2216 1315 2279; x_wconf 90' lang='lat' dir='ltr'>quem</span> 
     </span>
     <span class='ocr_line' id='line_1_18' title="bbox 175 2300 1315 2385; baseline 0.003 -23"><span class='ocrx_word' id='word_1_141' title='bbox 175 2300 298 2382; x_wconf 90' lang='lat' dir='ltr'>pietatis</span> <span class='ocrx_word' id='word_1_142' title='bbox 328 2301 487 2385; x_wconf 82' lang='lat' dir='ltr'>ingenitas</span> <span class='ocrx_word' id='word_1_143' title='bbox 517 2301 640 2365; x_wconf 74' lang='lat' dir='ltr'>diuites</span> <span class='ocrx_word' id='word_1_144' title='bbox 667 2302 902 2384; x_wconf 83' lang='lat' dir='ltr'>profundamus.</span> <span class='ocrx_word' id='word_1_145' title='bbox 950 2303 1103 2385; x_wconf 87' lang='lat' dir='ltr'>sapientia</span> <span class='ocrx_word' id='word_1_146' title='bbox 1125 2302 1221 2366; x_wconf 87' lang='lat' dir='ltr'>dicat:</span> <span class='ocrx_word' id='word_1_147' title='bbox 1253 2320 1315 2367; x_wconf 88' lang='lat' dir='ltr'>uon</span> 
     </span>
     <span class='ocr_line' id='line_1_19' title="bbox 174 2405 1314 2486; baseline 0.003 -18"><span class='ocrx_word' id='word_1_148' title='bbox 174 2405 274 2469; x_wconf 91' lang='lat' dir='ltr'>solum</span> <span class='ocrx_word' id='word_1_149' title='bbox 297 2405 461 2486; x_wconf 89' lang='lat' dir='ltr'>iaciamus,</span> <span class='ocrx_word' id='word_1_150' title='bbox 484 2405 539 2469; x_wconf 91' lang='lat' dir='ltr'>sed</span> <span class='ocrx_word' id='word_1_151' title='bbox 563 2407 658 2470; x_wconf 90' lang='lat' dir='ltr'>etiam</span> <span class='ocrx_word' id='word_1_152' title='bbox 682 2426 776 2471; x_wconf 90' lang='lat' dir='ltr'>sensu</span> <span class='ocrx_word' id='word_1_153' title='bbox 800 2407 927 2471; x_wconf 86' lang='lat' dir='ltr'>rationis</span> <span class='ocrx_word' id='word_1_154' title='bbox 952 2426 988 2471; x_wconf 90' lang='lat' dir='ltr'>ao</span> <span class='ocrx_word' id='word_1_155' title='bbox 1008 2406 1201 2471; x_wconf 79' lang='lat' dir='ltr'>discretionis</span> <span class='ocrx_word' id='word_1_156' title='bbox 1218 2406 1314 2471; x_wconf 91' lang='lat' dir='ltr'>hono-</span> 
     </span>
     <span class='ocr_line' id='line_1_20' title="bbox 177 2510 1315 2595; baseline 0.004 -24"><span class='ocrx_word' id='word_1_157' title='bbox 177 2527 290 2589; x_wconf 86' lang='lat' dir='ltr'>remus,</span> <span class='ocrx_word' id='word_1_158' title='bbox 313 2510 496 2592; x_wconf 88' lang='lat' dir='ltr'>prudentiae</span> <span class='ocrx_word' id='word_1_159' title='bbox 520 2511 638 2576; x_wconf 90' lang='lat' dir='ltr'>lumine</span> <span class='ocrx_word' id='word_1_160' title='bbox 661 2512 849 2595; x_wconf 84' lang='lat' dir='ltr'>repleamus,</span> <span class='ocrx_word' id='word_1_161' title='bbox 880 2512 1033 2576; x_wconf 85' lang='lat' dir='ltr'>iaciamus</span> <span class='ocrx_word' id='word_1_162' title='bbox 1058 2512 1241 2594; x_wconf 87' lang='lat' dir='ltr'>simplicem,</span> <span class='ocrx_word' id='word_1_163' title='bbox 1269 2512 1315 2575; x_wconf 88' lang='lat' dir='ltr'>l-</span> 
     </span>
     <span class='ocr_line' id='line_1_21' title="bbox 176 2612 1366 2696; baseline 0.003 -21"><span class='ocrx_word' id='word_1_164' title='bbox 176 2612 293 2677; x_wconf 86' lang='lat' dir='ltr'>ciamus</span> <span class='ocrx_word' id='word_1_165' title='bbox 316 2616 467 2678; x_wconf 87' lang='lat' dir='ltr'>astutum.</span> <span class='ocrx_word' id='word_1_166' title='bbox 505 2614 690 2696; x_wconf 80' lang='lat' dir='ltr'>simplicem,</span> <span class='ocrx_word' id='word_1_167' title='bbox 721 2636 760 2680; x_wconf 91' lang='lat' dir='ltr'>ne</span> <span class='ocrx_word' id='word_1_168' title='bbox 784 2616 903 2680; x_wconf 92' lang='lat' dir='ltr'>malum</span> <span class='ocrx_word' id='word_1_169' title='bbox 928 2615 1058 2680; x_wconf 90' lang='lat' dir='ltr'>callidus</span> <span class='ocrx_word' id='word_1_170' title='bbox 1080 2616 1204 2695; x_wconf 86' lang='lat' dir='ltr'>inierat,</span> <span class='ocrx_word' id='word_1_171' title='bbox 1228 2619 1314 2679; x_wconf 91' lang='lat' dir='ltr'>astu·</span> <span class='ocrx_word' id='word_1_172' title='bbox 1340 2641 1366 2680; x_wconf 82' lang='lat' dir='ltr'>so</span> 
     </span>
     <span class='ocr_line' id='line_1_22' title="bbox 175 2718 1314 2800; baseline 0.004 -21"><span class='ocrx_word' id='word_1_173' title='bbox 175 2719 250 2796; x_wconf 90' lang='lat' dir='ltr'>tum,</span> <span class='ocrx_word' id='word_1_174' title='bbox 272 2736 312 2781; x_wconf 92' lang='lat' dir='ltr'>ne</span> <span class='ocrx_word' id='word_1_175' title='bbox 334 2718 479 2783; x_wconf 88' lang='lat' dir='ltr'>incautus</span> <span class='ocrx_word' id='word_1_176' title='bbox 502 2719 648 2783; x_wconf 85' lang='lat' dir='ltr'>incurrat.</span> <span class='ocrx_word' id='word_1_177' title='bbox 685 2720 880 2784; x_wconf 88' lang='lat' dir='ltr'>insinuemus</span> <span class='ocrx_word' id='word_1_178' title='bbox 904 2721 932 2784; x_wconf 89' lang='lat' dir='ltr'>ei</span> <span class='ocrx_word' id='word_1_179' title='bbox 948 2720 1095 2784; x_wconf 85' lang='lat' dir='ltr'>affectum</span> <span class='ocrx_word' id='word_1_180' title='bbox 1118 2720 1199 2800; x_wconf 72' lang='lat' dir='ltr'>licui,</span> <span class='ocrx_word' id='word_1_181' title='bbox 1223 2720 1314 2784; x_wconf 87' lang='lat' dir='ltr'>intel-</span> 
     </span>
     <span class='ocr_line' id='line_1_23' title="bbox 174 2819 1314 2907; baseline 0.004 -24"><span class='ocrx_word' id='word_1_182' title='bbox 174 2819 286 2885; x_wconf 89' lang='lat' dir='ltr'>lectum</span> <span class='ocrx_word' id='word_1_183' title='bbox 310 2822 386 2887; x_wconf 87' lang='lat' dir='ltr'>mali</span> <span class='ocrx_word' id='word_1_184' title='bbox 410 2826 442 2886; x_wconf 91' lang='lat' dir='ltr'>et</span> <span class='ocrx_word' id='word_1_185' title='bbox 463 2822 549 2888; x_wconf 81' lang='lat' dir='ltr'>iuxta</span> <span class='ocrx_word' id='word_1_186' title='bbox 571 2823 832 2907; x_wconf 86' lang='lat' dir='ltr'>gubernationem</span> <span class='ocrx_word' id='word_1_187' title='bbox 849 2828 988 2890; x_wconf 90' lang='lat' dir='ltr'>nostram</span> <span class='ocrx_word' id='word_1_188' title='bbox 1004 2824 1225 2906; x_wconf 88' lang='lat' dir='ltr'>permittamus</span> <span class='ocrx_word' id='word_1_189' title='bbox 1242 2842 1314 2888; x_wconf 91' lang='lat' dir='ltr'>eum</span> 
     </span>
     <span class='ocr_line' id='line_1_24' title="bbox 175 2923 1094 3012; baseline 0.005 -24"><span class='ocrx_word' id='word_1_190' title='bbox 175 2923 323 2990; x_wconf 88' lang='lat' dir='ltr'>iumanu</span> <span class='ocrx_word' id='word_1_191' title='bbox 346 2927 467 2991; x_wconf 91' lang='lat' dir='ltr'>consilii</span> <span class='ocrx_word' id='word_1_192' title='bbox 488 2928 536 2991; x_wconf 90' lang='lat' dir='ltr'>sui</span> <span class='ocrx_word' id='word_1_193' title='bbox 560 2946 596 2991; x_wconf 92' lang='lat' dir='ltr'>ac</span> <span class='ocrx_word' id='word_1_194' title='bbox 618 2930 734 3012; x_wconf 91' lang='lat' dir='ltr'>proprii</span> <span class='ocrx_word' id='word_1_195' title='bbox 758 2930 790 2993; x_wconf 91' lang='lat' dir='ltr'>in</span> <span class='ocrx_word' id='word_1_196' title='bbox 814 2928 958 2994; x_wconf 88' lang='lat' dir='ltr'>libertate</span> <span class='ocrx_word' id='word_1_197' title='bbox 982 2929 1094 2994; x_wconf 89' lang='lat' dir='ltr'>iudicii.</span> 
     </span>
    </p>

    <p class='ocr_par' dir='ltr' id='par_1_3' title="bbox 175 3029 1366 3430">
     <span class='ocr_line' id='line_1_25' title="bbox 215 3029 1312 3116; baseline 0.004 -23"><span class='ocrx_word' id='word_1_198' title='bbox 215 3029 343 3095; x_wconf 80' lang='lat' dir='ltr'>Tractat</span> <span class='ocrx_word' id='word_1_199' title='bbox 365 3032 447 3095; x_wconf 89' lang='lat' dir='ltr'>iuter</span> <span class='ocrx_word' id='word_1_200' title='bbox 469 3033 546 3097; x_wconf 88' lang='lat' dir='ltr'>haec</span> <span class='ocrx_word' id='word_1_201' title='bbox 569 3049 676 3097; x_wconf 90' lang='lat' dir='ltr'>secum</span> <span class='ocrx_word' id='word_1_202' title='bbox 699 3034 849 3116; x_wconf 90' lang='lat' dir='ltr'>potentia,</span> <span class='ocrx_word' id='word_1_203' title='bbox 873 3033 923 3097; x_wconf 94' lang='lat' dir='ltr'>cui</span> <span class='ocrx_word' id='word_1_204' title='bbox 945 3035 1028 3098; x_wconf 91' lang='lat' dir='ltr'>inest</span> <span class='ocrx_word' id='word_1_205' title='bbox 1052 3037 1083 3098; x_wconf 91' lang='lat' dir='ltr'>et</span> <span class='ocrx_word' id='word_1_206' title='bbox 1098 3033 1312 3116; x_wconf 88' lang='lat' dir='ltr'>praescientia.</span> 
     </span>
     <span class='ocr_line' id='line_1_26' title="bbox 175 3128 1366 3222; baseline 0.003 -24"><span class='ocrx_word' id='word_1_207' title='bbox 175 3135 245 3215; x_wconf 88' lang='lat' dir='ltr'>quid</span> <span class='ocrx_word' id='word_1_208' title='bbox 269 3136 403 3219; x_wconf 83' lang='lat' dir='ltr'>agimus,</span> <span class='ocrx_word' id='word_1_209' title='bbox 434 3136 517 3218; x_wconf 89' lang='lat' dir='ltr'>quod</span> <span class='ocrx_word' id='word_1_210' title='bbox 541 3156 624 3217; x_wconf 91' lang='lat' dir='ltr'>eum,</span> <span class='ocrx_word' id='word_1_211' title='bbox 655 3138 681 3201; x_wconf 91' lang='lat' dir='ltr'>si</span> <span class='ocrx_word' id='word_1_212' title='bbox 703 3137 833 3202; x_wconf 90' lang='lat' dir='ltr'>arbitrio</span> <span class='ocrx_word' id='word_1_213' title='bbox 848 3128 913 3201; x_wconf 86' lang='lat' dir='ltr'>suo</span> <span class='ocrx_word' id='word_1_214' title='bbox 936 3138 1145 3222; x_wconf 87' lang='lat' dir='ltr'>permittimus</span> <span class='ocrx_word' id='word_1_215' title='bbox 1168 3138 1313 3218; x_wconf 81' lang='lat' dir='ltr'>liberum,</span> <span class='ocrx_word' id='word_1_216' title='bbox 1340 3164 1366 3203; x_wconf 79' lang='lat' dir='ltr'>ss</span> 
     </span>
     <span class='ocr_line' id='line_1_27' title="bbox 175 3238 1314 3325; baseline 0.003 -23"><span class='ocrx_word' id='word_1_217' title='bbox 175 3238 206 3303; x_wconf 91' lang='lat' dir='ltr'>iu</span> <span class='ocrx_word' id='word_1_218' title='bbox 235 3240 357 3321; x_wconf 88' lang='lat' dir='ltr'>peccati</span> <span class='ocrx_word' id='word_1_219' title='bbox 386 3240 479 3304; x_wconf 88' lang='lat' dir='ltr'>deuia</span> <span class='ocrx_word' id='word_1_220' title='bbox 507 3243 740 3324; x_wconf 86' lang='lat' dir='ltr'>praenoscimus</span> <span class='ocrx_word' id='word_1_221' title='bbox 771 3244 974 3307; x_wconf 88' lang='lat' dir='ltr'>transiturum</span> <span class='ocrx_word' id='word_1_222' title='bbox 1006 3246 1037 3307; x_wconf 88' lang='lat' dir='ltr'>et</span> <span class='ocrx_word' id='word_1_223' title='bbox 1060 3243 1210 3325; x_wconf 89' lang='lat' dir='ltr'>pretiosas</span> <span class='ocrx_word' id='word_1_224' title='bbox 1233 3243 1314 3307; x_wconf 89' lang='lat' dir='ltr'>dona</span> 
     </span>
     <span class='ocr_line' id='line_1_28' title="bbox 176 3343 1314 3430; baseline 0.003 -23"><span class='ocrx_word' id='word_1_225' title='bbox 176 3343 310 3409; x_wconf 86' lang='lat' dir='ltr'>iacturae</span> <span class='ocrx_word' id='word_1_226' title='bbox 344 3363 569 3409; x_wconf 89' lang='lat' dir='ltr'>conuersumm</span> <span class='ocrx_word' id='word_1_227' title='bbox 600 3366 669 3411; x_wconf 89' lang='lat' dir='ltr'>esse</span> <span class='ocrx_word' id='word_1_228' title='bbox 699 3348 920 3430; x_wconf 84' lang='lat' dir='ltr'>praeuidemus</span> <span class='ocrx_word' id='word_1_229' title='bbox 952 3348 990 3411; x_wconf 92' lang='lat' dir='ltr'>ad</span> <span class='ocrx_word' id='word_1_230' title='bbox 1020 3348 1231 3412; x_wconf 87' lang='lat' dir='ltr'>instrumenta</span> <span class='ocrx_word' id='word_1_231' title='bbox 1260 3366 1314 3411; x_wconf 90' lang='lat' dir='ltr'>ne·</span> 
     </span>
    </p>
   </div>
   <div class='ocr_carea' id='block_1_3' title="bbox 174 3449 1365 3849">
    <p class='ocr_par' dir='ltr' id='par_1_4' title="bbox 174 3449 1365 3849">
     <span class='ocr_line' id='line_1_29' title="bbox 175 3449 1313 3535; baseline 0.004 -23"><span class='ocrx_word' id='word_1_232' title='bbox 175 3449 309 3529; x_wconf 75' lang='lat' dir='ltr'>quitiae?</span> <span class='ocrx_word' id='word_1_233' title='bbox 356 3453 387 3514; x_wconf 88' lang='lat' dir='ltr'>ct</span> <span class='ocrx_word' id='word_1_234' title='bbox 414 3449 484 3515; x_wconf 91' lang='lat' dir='ltr'>ideo</span> <span class='ocrx_word' id='word_1_235' title='bbox 515 3452 541 3514; x_wconf 91' lang='lat' dir='ltr'>si</span> <span class='ocrx_word' id='word_1_236' title='bbox 571 3469 648 3535; x_wconf 90' lang='lat' dir='ltr'>opus</span> <span class='ocrx_word' id='word_1_237' title='bbox 678 3452 710 3515; x_wconf 91' lang='lat' dir='ltr'>in</span> <span class='ocrx_word' id='word_1_238' title='bbox 741 3469 777 3516; x_wconf 90' lang='lat' dir='ltr'>eo</span> <span class='ocrx_word' id='word_1_239' title='bbox 809 3456 950 3517; x_wconf 90' lang='lat' dir='ltr'>nostrum</span> <span class='ocrx_word' id='word_1_240' title='bbox 981 3453 1125 3517; x_wconf 91' lang='lat' dir='ltr'>uolumus</span> <span class='ocrx_word' id='word_1_241' title='bbox 1154 3471 1222 3516; x_wconf 90' lang='lat' dir='ltr'>esse</span> <span class='ocrx_word' id='word_1_242' title='bbox 1244 3470 1313 3535; x_wconf 90' lang='lat' dir='ltr'>per-</span> 
     </span>
     <span class='ocr_line' id='line_1_30' title="bbox 174 3555 1313 3640; baseline 0.004 -24"><span class='ocrx_word' id='word_1_243' title='bbox 174 3557 311 3635; x_wconf 90' lang='lat' dir='ltr'>petuum,</span> <span class='ocrx_word' id='word_1_244' title='bbox 335 3555 482 3619; x_wconf 89' lang='lat' dir='ltr'>tollamus</span> <span class='ocrx_word' id='word_1_245' title='bbox 506 3556 534 3620; x_wconf 90' lang='lat' dir='ltr'>ei</span> <span class='ocrx_word' id='word_1_246' title='bbox 556 3556 594 3619; x_wconf 91' lang='lat' dir='ltr'>ds</span> <span class='ocrx_word' id='word_1_247' title='bbox 617 3560 772 3638; x_wconf 88' lang='lat' dir='ltr'>potestate</span> <span class='ocrx_word' id='word_1_248' title='bbox 796 3560 968 3640; x_wconf 87' lang='lat' dir='ltr'>peccatum.</span> <span class='ocrx_word' id='word_1_249' title='bbox 1004 3556 1078 3621; x_wconf 89' lang='lat' dir='ltr'>dicit</span> <span class='ocrx_word' id='word_1_250' title='bbox 1095 3557 1226 3621; x_wconf 89' lang='lat' dir='ltr'>iustitia:</span> <span class='ocrx_word' id='word_1_251' title='bbox 1250 3574 1313 3621; x_wconf 91' lang='lat' dir='ltr'>uon</span> 
     </span>
     <span class='ocr_line' id='line_1_31' title="bbox 174 3656 1365 3744; baseline 0.006 -25"><span class='ocrx_word' id='word_1_252' title='bbox 174 3656 217 3721; x_wconf 91' lang='lat' dir='ltr'>ita</span> <span class='ocrx_word' id='word_1_253' title='bbox 238 3662 293 3723; x_wconf 89' lang='lat' dir='ltr'>est.</span> <span class='ocrx_word' id='word_1_254' title='bbox 333 3677 396 3724; x_wconf 89' lang='lat' dir='ltr'>uon</span> <span class='ocrx_word' id='word_1_255' title='bbox 420 3660 557 3743; x_wconf 89' lang='lat' dir='ltr'>conpetit</span> <span class='ocrx_word' id='word_1_256' title='bbox 579 3660 701 3744; x_wconf 83' lang='lat' dir='ltr'>legibus</span> <span class='ocrx_word' id='word_1_257' title='bbox 725 3662 851 3743; x_wconf 87' lang='lat' dir='ltr'>nostris,</span> <span class='ocrx_word' id='word_1_258' title='bbox 876 3665 910 3725; x_wconf 92' lang='lat' dir='ltr'>ut</span> <span class='ocrx_word' id='word_1_259' title='bbox 933 3662 970 3742; x_wconf 90' lang='lat' dir='ltr'>is,</span> <span class='ocrx_word' id='word_1_260' title='bbox 994 3680 1089 3743; x_wconf 88' lang='lat' dir='ltr'>quem</span> <span class='ocrx_word' id='word_1_261' title='bbox 1112 3680 1131 3727; x_wconf 87' lang='lat' dir='ltr'>a</span> <span class='ocrx_word' id='word_1_262' title='bbox 1153 3662 1312 3726; x_wconf 87' lang='lat' dir='ltr'>contrariis</span> <span class='ocrx_word' id='word_1_263' title='bbox 1339 3685 1365 3727; x_wconf 90' lang='lat' dir='ltr'>so</span> 
     </span>
     <span class='ocr_line' id='line_1_32' title="bbox 175 3762 1312 3849; baseline 0.003 -23"><span class='ocrx_word' id='word_1_264' title='bbox 175 3766 294 3845; x_wconf 89' lang='lat' dir='ltr'>oportet</span> <span class='ocrx_word' id='word_1_265' title='bbox 315 3762 452 3846; x_wconf 90' lang='lat' dir='ltr'>probari,</span> <span class='ocrx_word' id='word_1_266' title='bbox 475 3764 514 3828; x_wconf 91' lang='lat' dir='ltr'>de</span> <span class='ocrx_word' id='word_1_267' title='bbox 537 3764 657 3829; x_wconf 89' lang='lat' dir='ltr'>uiribus</span> <span class='ocrx_word' id='word_1_268' title='bbox 678 3766 744 3829; x_wconf 90' lang='lat' dir='ltr'>suis</span> <span class='ocrx_word' id='word_1_269' title='bbox 768 3784 830 3831; x_wconf 92' lang='lat' dir='ltr'>non</span> <span class='ocrx_word' id='word_1_270' title='bbox 852 3766 950 3849; x_wconf 92' lang='lat' dir='ltr'>possit</span> <span class='ocrx_word' id='word_1_271' title='bbox 973 3766 1108 3849; x_wconf 80' lang='lat' dir='ltr'>agnosci.</span> <span class='ocrx_word' id='word_1_272' title='bbox 1155 3784 1216 3831; x_wconf 91' lang='lat' dir='ltr'>non</span> <span class='ocrx_word' id='word_1_273' title='bbox 1240 3784 1312 3830; x_wconf 90' lang='lat' dir='ltr'>oon-</span> 
     </span>
    </p>
   </div>
   <div class='ocr_carea' id='block_1_4' title="bbox 217 3943 1312 4003">
    <p class='ocr_par' dir='ltr' id='par_1_5' title="bbox 217 3943 1312 4003">
     <span class='ocr_line' id='line_1_33' title="bbox 217 3943 1312 4003; baseline 0.002 -4"><span class='ocrx_word' id='word_1_274' title='bbox 217 3944 317 4000; x_wconf 78' lang='lat' dir='ltr'>lmsm</span> <span class='ocrx_word' id='word_1_275' title='bbox 337 3943 477 3999; x_wconf 85' lang='lat' dir='ltr'>sollicitius</span> <span class='ocrx_word' id='word_1_276' title='bbox 495 3946 686 4003; x_wconf 72' lang='lat' dir='ltr'>uescendum?</span> <span class='ocrx_word' id='word_1_277' title='bbox 738 3946 848 4003; x_wconf 80' lang='lat' dir='ltr'>indata</span> <span class='ocrx_word' id='word_1_278' title='bbox 901 3946 1112 4001; x_wconf 72' lang='lat' dir='ltr'>tministeriom</span> <span class='ocrx_word' id='word_1_279' title='bbox 1131 3947 1167 4000; x_wconf 88' lang='lat' dir='ltr'>P¹</span> <span class='ocrx_word' id='word_1_280' title='bbox 1224 3948 1312 4002; x_wconf 78' lang='lat' dir='ltr'>cuu-</span> 
     </span>
    </p>
   </div>
   <div class='ocr_carea' id='block_1_5' title="bbox 175 4016 1314 4478">
    <p class='ocr_par' dir='ltr' id='par_1_6' title="bbox 175 4016 1314 4478">
     <span class='ocr_line' id='line_1_34' title="bbox 176 4016 1311 4134; baseline 0.004 -25"><span class='ocrx_word' id='word_1_281' title='bbox 176 4071 238 4124; x_wconf 86' lang='lat' dir='ltr'>quac</span> <span class='ocrx_word' id='word_1_282' title='bbox 257 4058 284 4113; x_wconf 91' lang='lat' dir='ltr'><strong><em>P</em></strong></span> <span class='ocrx_word' id='word_1_283' title='bbox 354 4058 489 4127; x_wconf 78' lang='lat' dir='ltr'>satquse</span> <span class='ocrx_word' id='word_1_284' title='bbox 508 4059 537 4113; x_wconf 88' lang='lat' dir='ltr'><em>P</em></span> <span class='ocrx_word' id='word_1_285' title='bbox 579 4062 616 4134; x_wconf 58' lang='lat'>‚6</span> <span class='ocrx_word' id='word_1_286' title='bbox 633 4060 739 4127; x_wconf 86' lang='lat' dir='ltr'>itaquae</span> <span class='ocrx_word' id='word_1_287' title='bbox 758 4060 786 4113; x_wconf 91' lang='lat' dir='ltr'><em>P</em></span> <span class='ocrx_word' id='word_1_288' title='bbox 849 4060 1024 4130; x_wconf 71' lang='lat' dir='ltr'>iprolcrunt</span> <span class='ocrx_word' id='word_1_289' title='bbox 1041 4061 1069 4115; x_wconf 90' lang='lat' dir='ltr'>P</span> <span class='ocrx_word' id='word_1_290' title='bbox 1136 4016 1311 4127; x_wconf 61' lang='lat' dir='ltr'>ducenl’ssi</span> 
     </span>
     <span class='ocr_line' id='line_1_35' title="bbox 175 4146 1314 4216; baseline 0.001 -19"><span class='ocrx_word' id='word_1_291' title='bbox 175 4146 316 4212; x_wconf 73' lang='lat' dir='ltr'>monuit.)</span> <span class='ocrx_word' id='word_1_292' title='bbox 370 4148 402 4201; x_wconf 85' lang='lat' dir='ltr'>lu</span> <span class='ocrx_word' id='word_1_293' title='bbox 420 4150 509 4201; x_wconf 86' lang='lat' dir='ltr'>nostre</span> <span class='ocrx_word' id='word_1_294' title='bbox 527 4147 555 4202; x_wconf 88' lang='lat' dir='ltr'><em>P</em></span> <span class='ocrx_word' id='word_1_295' title='bbox 580 4149 584 4155; x_wconf 78' lang='grc'><strong>’</strong></span> <span class='ocrx_word' id='word_1_296' title='bbox 609 4150 638 4202; x_wconf 92' lang='grc'>11</span> <span class='ocrx_word' id='word_1_297' title='bbox 659 4148 711 4200; x_wconf 85' lang='lat' dir='ltr'>ista</span> <span class='ocrx_word' id='word_1_298' title='bbox 728 4147 756 4201; x_wconf 91' lang='lat' dir='ltr'><strong><em>P</em></strong></span> <span class='ocrx_word' id='word_1_299' title='bbox 811 4149 842 4201; x_wconf 83' lang='lat'>12</span> <span class='ocrx_word' id='word_1_300' title='bbox 860 4146 1053 4216; x_wconf 82' lang='lat' dir='ltr'>praeiaciamus</span> <span class='ocrx_word' id='word_1_301' title='bbox 1072 4148 1100 4201; x_wconf 86' lang='lat' dir='ltr'><strong><em>P</em></strong></span> <span class='ocrx_word' id='word_1_302' title='bbox 1153 4148 1183 4202; x_wconf 85' lang='grc'>14</span> <span class='ocrx_word' id='word_1_303' title='bbox 1202 4147 1266 4215; x_wconf 57' lang='lat' dir='ltr'>sold,</span> <span class='ocrx_word' id='word_1_304' title='bbox 1287 4148 1314 4214; x_wconf 70' lang='lat' dir='ltr'>,l&#39;</span> 
     </span>
     <span class='ocr_line' id='line_1_36' title="bbox 177 4231 1313 4304; baseline 0.002 -20"><span class='ocrx_word' id='word_1_305' title='bbox 177 4234 206 4284; x_wconf 84' lang='lat'>15</span> <span class='ocrx_word' id='word_1_306' title='bbox 227 4231 412 4286; x_wconf 68' lang='lat' dir='ltr'>habundantii</span> <span class='ocrx_word' id='word_1_307' title='bbox 432 4234 461 4289; x_wconf 87' lang='lat' dir='ltr'><strong><em>P</em></strong></span> <span class='ocrx_word' id='word_1_308' title='bbox 531 4236 563 4289; x_wconf 84' lang='grc'>16</span> <span class='ocrx_word' id='word_1_309' title='bbox 587 4232 782 4287; x_wconf 82' lang='lat' dir='ltr'>beniuolentiae</span> <span class='ocrx_word' id='word_1_310' title='bbox 806 4234 833 4287; x_wconf 92' lang='lat' dir='ltr'><strong><em>P</em></strong></span> <span class='ocrx_word' id='word_1_311' title='bbox 901 4251 995 4303; x_wconf 87' lang='lat' dir='ltr'>quaem</span> <span class='ocrx_word' id='word_1_312' title='bbox 1018 4236 1045 4288; x_wconf 95' lang='lat' dir='ltr'><em>P</em></span> <span class='ocrx_word' id='word_1_313' title='bbox 1115 4236 1146 4291; x_wconf 83' lang='lat'>19</span> <span class='ocrx_word' id='word_1_314' title='bbox 1165 4234 1266 4304; x_wconf 69' lang='lat' dir='ltr'>lumine</span> <span class='ocrx_word' id='word_1_315' title='bbox 1286 4234 1313 4287; x_wconf 90' lang='lat' dir='ltr'><strong><em>P</em></strong></span> 
     </span>
     <span class='ocr_line' id='line_1_37' title="bbox 176 4318 1313 4391; baseline 0.004 -20"><span class='ocrx_word' id='word_1_316' title='bbox 176 4318 207 4371; x_wconf 75' lang='lat'>23</span> <span class='ocrx_word' id='word_1_317' title='bbox 225 4318 317 4373; x_wconf 84' lang='lat' dir='ltr'>consssi</span> <span class='ocrx_word' id='word_1_318' title='bbox 336 4320 365 4374; x_wconf 92' lang='lat' dir='ltr'><strong><em>P</em></strong></span> <span class='ocrx_word' id='word_1_319' title='bbox 414 4322 448 4376; x_wconf 76' lang='lat'>24</span> <span class='ocrx_word' id='word_1_320' title='bbox 466 4320 598 4390; x_wconf 82' lang='lat' dir='ltr'>potentia]</span> <span class='ocrx_word' id='word_1_321' title='bbox 617 4321 781 4391; x_wconf 82' lang='lat' dir='ltr'>sapientias</span> <span class='ocrx_word' id='word_1_322' title='bbox 833 4324 867 4377; x_wconf 80' lang='lat'>25</span> <span class='ocrx_word' id='word_1_323' title='bbox 886 4322 907 4375; x_wconf 84' lang='lat' dir='ltr'>si</span> <span class='ocrx_word' id='word_1_324' title='bbox 926 4340 1011 4377; x_wconf 77' lang='lat' dir='ltr'>ome</span> <span class='ocrx_word' id='word_1_325' title='bbox 1070 4325 1103 4377; x_wconf 79' lang='lat'>26</span> <span class='ocrx_word' id='word_1_326' title='bbox 1121 4322 1266 4391; x_wconf 86' lang='lat' dir='ltr'>praetiosae</span> <span class='ocrx_word' id='word_1_327' title='bbox 1286 4322 1313 4375; x_wconf 87' lang='lat' dir='ltr'><em>P</em></span> 
     </span>
     <span class='ocr_line' id='line_1_38' title="bbox 176 4406 790 4478; baseline 0.002 -18"><span class='ocrx_word' id='word_1_328' title='bbox 176 4406 208 4460; x_wconf 73' lang='grc'>18</span> <span class='ocrx_word' id='word_1_329' title='bbox 223 4410 367 4475; x_wconf 82' lang='lat' dir='ltr'>pepetuum</span> <span class='ocrx_word' id='word_1_330' title='bbox 387 4408 414 4461; x_wconf 92' lang='lat' dir='ltr'><strong><em>P</em></strong></span> <span class='ocrx_word' id='word_1_331' title='bbox 465 4410 498 4463; x_wconf 77' lang='lat'>29</span> <span class='ocrx_word' id='word_1_332' title='bbox 517 4409 540 4461; x_wconf 89' lang='lat' dir='ltr'>ei</span> <span class='ocrx_word' id='word_1_333' title='bbox 558 4410 665 4478; x_wconf 82' lang='lat' dir='ltr'>scripsi,</span> <span class='ocrx_word' id='word_1_334' title='bbox 683 4425 744 4462; x_wconf 83' lang='lat' dir='ltr'>eum</span> <span class='ocrx_word' id='word_1_335' title='bbox 762 4409 790 4462; x_wconf 92' lang='lat' dir='ltr'><strong><em>P</em></strong></span> 
     </span>
    </p>
   </div>
   <div class='ocr_carea' id='block_1_6' title="bbox 0 0 1554 4892">
    <p class='ocr_par' dir='ltr' id='par_1_7' title="bbox 0 0 1554 4892">
     <span class='ocr_line' id='line_1_39' title="bbox 0 0 1554 4892; baseline 0 0"><span class='ocrx_word' id='word_1_336' title='bbox 0 0 1554 4892; x_wconf 95' lang='lat' dir='ltr'> </span> 
     </span>
    </p>
   </div>
  </div>
 </body>
</html>
