3100 4892
596 419 660 473 1111.
681 421 790 474 Sermo
808 425 849 477 31.
1231 426 1292 490 347

154 590 289 655 dicimus
311 595 434 674 patrem
457 597 488 658 et
510 593 611 659 filium
634 599 665 659 et
687 595 832 680 spiritum
855 603 1010 682 sanctum,
1033 619 1072 664 ne
1095 605 1126 666 te
1146 603 1293 667 aestimes

153 713 253 759 unam
284 695 410 760 credere
439 696 552 762 debere
581 718 757 784 personam.
803 703 880 768 item
910 703 1043 770 dicimus
1070 724 1168 770 unum
1191 707 1295 788 deum,

153 817 194 862 ue
218 803 311 882 putes
335 805 398 865 tres
422 821 490 867 esse
513 807 651 868 naturas.
696 807 729 870 in
752 805 801 871 his
824 807 929 890 itaque
952 808 1051 874 tribus
1074 811 1215 894 personis
1238 831 1297 876 nu·

154 922 263 967 merus
279 923 348 968 esse
363 910 477 989 petest,
500 907 574 972 ordo
591 927 659 974 esse
674 927 738 975 non
752 915 865 994 potest.
900 932 973 978 nem
990 914 1048 978 etsi
1065 914 1295 982 distinctionem

153 1008 271 1091 recipit
299 1009 435 1092 trinitas,
464 1012 598 1097 gradm
625 1017 731 1078 tamen
754 1017 856 1081 nescit
879 1019 1059 1099 aequalitas.
1105 1021 1136 1086 in
1159 1022 1297 1089 trinitate
1336 1050 1349 1089 s

153 1113 242 1177 euim
266 1133 328 1180 non
356 1119 405 1180 est
433 1121 489 1181 aut
518 1119 623 1183 minus
654 1119 771 1202 aliquid
802 1124 857 1186 aut
887 1124 998 1205 maius,
1030 1125 1112 1207 quia,
1136 1126 1217 1190 siin
1241 1126 1296 1192 deo

153 1217 277 1300 aliquid
293 1219 396 1284 miuus
411 1220 535 1303 dicitur,
556 1223 738 1306 imperfecta
753 1225 899 1292 diuinitas
916 1233 1090 1308 accusatur,
1112 1230 1157 1296 ita
1180 1235 1296 1312 tamen,

153 1322 250 1404 quod,
281 1323 333 1405 qui
362 1324 394 1389 in
425 1325 541 1390 deitate
570 1327 723 1394 minorem
753 1334 843 1413 patre
873 1336 929 1397 aut
958 1333 1021 1399 filio
1049 1333 1123 1400 dicit
1153 1335 1298 1417 spiritum

153 1431 314 1509 sanctum,
344 1447 407 1494 non
428 1430 474 1495 illi
497 1435 621 1496 tautum
644 1433 789 1499 iniuriam
814 1435 898 1518 facit,
927 1456 1021 1520 quem
1045 1439 1197 1504 minorem
1219 1439 1298 1504 iudi-

151 1535 219 1612 cat,
242 1533 298 1596 sed
319 1533 365 1598 illi
380 1535 486 1616 etiam,
510 1554 603 1619 quem
619 1539 768 1603 maiorem
784 1544 885 1622 putat,
908 1543 990 1624 quia,
1013 1561 1085 1607 eum
1100 1544 1195 1608 totius
1211 1545 1299 1610 trini·
1326 1573 1350 1612 ιο

151 1637 231 1702 tatis
255 1655 319 1701 una
338 1639 511 1720 aequalitas
527 1642 569 1707 sit
583 1646 677 1726 atque
692 1645 852 1726 maiestas,
875 1647 1023 1729 quicquid
1037 1650 1244 1714 contumeliae
1266 1651 1299 1714 in

151 1766 327 1834 personam
348 1747 442 1813 unius
465 1747 586 1830 dicitur,
609 1767 628 1814 a
650 1753 717 1814 tota
738 1751 908 1834 aequaliter
931 1753 1070 1818 trinitate
1093 1755 1235 1820 sent'tur.

196 1855 269 1921 Nos
298 1873 383 1936 uero,
414 1855 579 1936 carissimi,
610 1855 665 1936 qui
688 1857 841 1939 templum
865 1858 965 1922 sancti
988 1858 1118 1942 spiritus
1141 1879 1210 1924 esse
1233 1879 1299 1924 me·

151 1960 292 2040 ruimus,
315 1959 483 2024 adiuuante
498 1960 566 2043 ipso
581 1961 693 2043 spiritu
709 1965 816 2026 sancto
832 1980 978 2045 paremus
995 1963 1132 2045 domurn,
1155 1965 1188 2029 in
1204 1983 1299 2046 quam

152 2067 250 2132 illum
280 2064 397 2145 nenne,
426 2065 459 2129 in
488 2083 550 2147 qua
580 2065 713 2132 delectet
738 2066 889 2132 habitare.
934 2067 1046 2133 inuitat
1068 2069 1177 2134 mundi
1199 2070 1299 2134 cordis
1327 2094 1352 2135 rs

152 2173 252 2252 nitor,
284 2170 428 2236 sollicitet
450 2171 540 2236 illum
561 2189 618 2253 par
640 2171 826 2237 rubentibus
848 2173 927 2238 rosis
951 2177 1055 2238 castus
1078 2173 1186 2258 pudor,
1215 2173 1301 2238 selli-

152 2277 236 2341 citst
259 2275 464 2340 candentibus
487 2277 559 2341 liliis
583 2280 614 2341 et
636 2277 728 2341 odore
751 2277 862 2342 similis
885 2282 917 2343 et
939 2277 1040 2343 oolore
1055 2277 1301 2343 incontaminata

151 2380 334 2464 uirginitas,
367 2381 518 2465 suscipiat
549 2382 640 2446 illum
671 2383 808 2466 benigna
836 2383 959 2464 caritas,
992 2382 1172 2448 humanitas
1202 2381 1299 2466 larga,

152 2485 305 2551 sublimis
327 2485 499 2567 humilitas,
523 2486 631 2550 hilaris
655 2487 876 2568 misericordia,
900 2505 979 2570 puro
994 2487 1187 2572 simplicitas.
1222 2487 1300 2552 nihil

152 2591 198 2655 ibi
224 2590 266 2654 de
288 2590 381 2672 prisci
403 2591 538 2655 hominis
561 2589 714 2672 sordibus,
742 2592 821 2656 nihil
844 2594 881 2657 de
905 2592 1039 2675 lapsuris
1062 2590 1299 2656 infirmitatibus
1326 2620 1352 2660 so

153 2687 307 2761 aeternus
330 2693 497 2777 habitator,
526 2697 718 2762 aeternitatis
741 2697 869 2781 largitor
891 2697 1040 2762 inueniat.
1086 2698 1212 2762 recedat
1233 2701 1299 2762 tur-

151 2801 312 2886 pissimae
333 2802 504 2884 uoluptatis
526 2802 659 2884 luxuria,
685 2802 807 2886 pallens
830 2803 1030 2884 conscientia,
1062 2803 1161 2868 tristis
1184 2807 1299 2884 metus,

153 2909 279 2970 nutans
302 2903 436 2970 ebrietas
460 2909 493 2970 et
513 2905 610 2971 libido
633 2907 719 2971 omni
740 2907 866 2972 homere
890 2907 1067 2989 deformior,
1098 2911 1142 2988 ut,
1173 2925 1245 2973 oum
1267 2908 1300 2972 in

152 3015 253 3081 nobis
281 3015 343 3078 ista
369 3013 534 3093 defuerint,
564 3013 667 3078 locum
690 3012 860 3077 uirtutibus
883 3012 1030 3096 praeuius
1052 3012 1195 3094 puritatis
1220 3012 1300 3077 nitor

153 3121 307 3207 aperiens
333 3118 478 3203 spiritum
504 3120 649 3183 sanctum
675 3118 707 3182 in
732 3116 924 3182 domicilium
947 3121 1075 3200 paratae
1099 3116 1158 3181 sibi
1179 3116 1301 3180 habita·
1328 3142 1354 3182 rs

154 3226 255 3292 tionis
286 3223 434 3288 includat.
481 3224 539 3287 hoc
569 3228 675 3288 autem
704 3223 773 3288 ideo
805 3223 1031 3307 suggessimus,
1062 3221 1225 3302 carissimi,
1256 3225 1301 3302 ut,

153 3333 317 3414 quantum
339 3346 517 3412 possumus
541 3328 615 3392 totis
637 3327 756 3392 unibus
780 3346 852 3392 oum
875 3327 924 3391 dei
946 3326 1096 3392 adiutorio
1112 3324 1301 3408 laboremus,

153 3457 197 3501 ne
222 3435 259 3499 in
282 3432 373 3497 nobis
396 3436 450 3498 aut
472 3433 603 3498 auaritia
624 3433 789 3518 displiceat
810 3435 866 3497 aut
887 3431 1053 3496 infidelitas
1076 3432 1225 3516 langueat
1247 3435 1303 3495 aut

153 3539 258 3607 libido
282 3537 450 3618 sordescat,
473 3537 526 3601 sed
550 3537 707 3602 emendati
729 3537 855 3621 penitus
879 3555 915 3601 ac
933 3537 1003 3619 puri
1019 3536 1231 3601 habitaculum
1253 3534 1303 3599 dei

154 3645 246 3711 effici
277 3661 452 3708 mereamur
483 3646 514 3707 et
541 3642 668 3725 spiritus
691 3646 829 3723 sanetus,
860 3641 913 3725 qui
936 3641 1132 3706 descendisse
1154 3641 1246 3706 hodie
1268 3640 1301 3704 in
1328 3665 1355 3705 eo

153 3747 321 3833 apostolos
350 3746 475 3831 legitur,
505 3764 629 3829 semper
659 3747 692 3810 in
720 3746 809 3811 nobis
831 3745 974 3811 habitare
997 3745 1151 3830 dignetur,
1182 3745 1232 3808 cui
1255 3747 1303 3808 est

153 3856 263 3920 honor
284 3854 316 3915 et
330 3851 430 3935 gloria
444 3869 517 3916 cum
531 3854 620 3934 patre
636 3850 745 3916 attilio
760 3853 793 3916 in
809 3851 933 3916 saecula
948 3850 1152 3915 saeculorum.
1187 3847 1300 3914 Amen.

151 4071 158 4085 ·
203 4047 340 4103 letarde
351 4043 438 4099 fllium
449 4044 541 4100 om.R
584 4042 730 4099 estimesR
773 4042 988 4108 assistendi
1001 4043 1110 4108 inrue.)
1159 4042 1191 4095 16
1203 4040 1302 4109 parsR

153 4139 191 4193 22
216 4131 368 4202 uoluptatis
388 4133 495 4202 scripsi,
517 4129 665 4185 uoluntatis
688 4132 716 4186 R
786 4131 819 4184 23
843 4129 956 4200 ebrietes
979 4129 1016 4184 R¹
1086 4129 1120 4184 at
1146 4128 1254 4196 preuius
1276 4128 1303 4182 R

154 4227 191 4280 25
211 4222 309 4291 parate
325 4219 353 4275 R
405 4221 439 4274 26
457 4217 559 4286 eutem]
578 4217 649 4270 euim
668 4217 730 4272 Mai
