3100 4892
638 422 735 477 Liber
754 423 768 477 Ι
789 428 827 479 ll.
1264 428 1306 491 39

167 601 272 662 nctus
296 599 535 679 fermentum,
559 603 600 664 ut
622 599 707 664 sitis
730 602 1079 683 nouu'eonspersio,
1107 606 1139 667 et
1161 602 1306 686 quotiens

165 704 256 768 homo
278 704 318 768 ad
341 705 472 769 meliora
492 704 698 769 deterioribus
720 706 890 789 repudiatis
913 706 1016 789 gretia
1034 708 1161 771 iuuante
1178 726 1307 772 conuer-

165 809 248 889 titur,
272 809 389 873 totiens
412 810 451 873 dc
465 827 541 873 uase
557 810 765 874 contumeliae
781 828 837 873 uas
853 810 978 875 honoris
995 810 1137 875 efficitur.
1176 815 1212 876 nt
1231 831 1305 878 nero

165 912 316 977 debonis
339 914 414 978 muli
444 913 628 995 efficiantur,
659 916 718 979 hoo
747 915 872 979 facilius
902 914 933 979 in
965 935 998 979 se
1028 916 1138 999 recipit
1167 917 1306 982 hnmana

164 1018 328 1101 fragilitas,
351 1023 386 1083 ut
400 1018 438 1081 de
453 1036 529 1083 uase
544 1019 670 1083 honoris
690 1020 723 1083 in
742 1037 800 1083 uas
822 1020 1029 1085 contumeliae
1051 1024 1200 1101 transeat,
1224 1022 1305 1086 sicut
1330 1048 1343 1088 s

162 1122 297 1205 legimus
318 1122 513 1187 inAbacnc:
537 1126 574 1187 et
596 1141 702 1187 escae
726 1124 805 1187 eius
829 1124 987 1205 electae,
1012 1124 1049 1188 de
1073 1124 1185 1207 quihus
1209 1127 1304 1190 etium

163 1227 289 1291 dicitur:
305 1246 433 1291 aurum
448 1232 488 1291 ut
502 1228 630 1310 paleas
646 1226 852 1309 reputabit,
868 1228 1046 1293 Hieremias
1062 1247 1197 1311 quoquc:
1221 1247 1305 1312 quo·

163 1332 267 1397 modo
290 1332 530 1396 obscuratum
553 1336 610 1396 est
633 1350 777 1412 aurum,
807 1336 972 1397 mutatus
1001 1337 1058 1398 est
1085 1334 1186 1397 color
1213 1336 1305 1419 opti·

163 1438 266 1499 mus?
294 1436 376 1500 sicut
391 1440 423 1501 et
438 1437 598 1519 apostolus
615 1437 705 1501 dicit:
729 1438 859 1502 tollam
882 1454 965 1521 ergo
983 1438 1147 1503 membra
1163 1438 1305 1504 Christi

163 1540 355 1606 etfaciam
378 1541 543 1605 membra
565 1541 801 1607 meretricis?
1332 1570 1357 1608 ιο

202 1644 313 1726 Itaque
336 1645 504 1709 manifesta
526 1646 683 1710 sententia
703 1649 752 1710 est
767 1646 804 1709 de
822 1644 938 1711 Christi
953 1665 1080 1730 corpore
1097 1666 1188 1731 posse
1203 1647 1305 1712 homi·

165 1768 233 1813 nem
257 1749 290 1813 in
311 1754 433 1832 partem
449 1750 563 1815 diaboli
576 1769 633 1832 per
648 1751 772 1834 culpam
788 1752 944 1833 proprium
960 1752 1154 1832 commutari,
1179 1752 1258 1816 sicut
1274 1756 1304 1817 ct

164 1854 220 1919 alio
242 1854 310 1918 loco
333 1853 562 1919 absolutissime
585 1855 674 1919 docet
694 1856 732 1919 de
748 1856 864 1938 optimo
886 1856 1057 1938 pessimum
1082 1856 1148 1919 lieri
1171 1860 1202 1919 et
1224 1858 1305 1920 tcm-

162 1958 247 2039 plum
269 1958 318 2022 dei
341 1978 433 2041 posse
455 1959 565 2023 uiolari
587 1960 631 2023 ita
653 1960 800 2024 dicendo:
829 1978 894 2024 nos
923 1960 1014 2023 estis
1041 1962 1222 2042 templum
1246 1962 1305 2025 dei

164 2066 198 2125 ct
219 2063 375 2145 spiritus
392 2063 449 2126 dei
468 2063 616 2128 habitat
635 2065 671 2127 in
691 2064 807 2128 uobis.
840 2064 968 2145 siquis
985 2067 1107 2128 autern
1124 2066 1302 2147 templum
1331 2089 1355 2129 rr

165 2166 219 2229 dei
240 2167 455 2248 uiolauerit,
479 2167 671 2249 disperdet
693 2168 799 2232 illum
823 2168 921 2232 deus.
962 2186 1032 2232 ecoe
1060 2168 1124 2231 iem
1151 2168 1303 2251 templum

166 2270 211 2333 dei
234 2290 302 2335 esse
324 2272 502 2352 dinoscitur,
525 2272 588 2335 iem
612 2290 631 2335 a
653 2277 760 2337 sancto
785 2272 895 2355 spiritu
917 2273 1103 2354 possidetur,
1127 2276 1158 2337 et
1180 2292 1235 2355 per
1257 2273 1305 2337 in·

166 2376 278 2439 cunam
301 2376 412 2441 uiolari
434 2381 525 2458 atque
548 2377 703 2459 corrumpi
732 2381 763 2441 et
790 2376 829 2439 ab
856 2377 984 2460 indigno
1011 2377 1133 2459 hospite
1161 2378 1304 2459 occupari

166 2497 251 2559 posse
274 2485 475 2561 memoratur,
498 2482 578 2545 sieut
601 2484 633 2545 et
654 2482 806 2563 propheta
825 2482 965 2564 increpat
981 2482 1118 2545 animam
1141 2481 1189 2545 dei
1204 2482 1305 2565 gratia

166 2588 270 2665 sponte
294 2589 495 2649 euacuetam:
520 2603 587 2669 ego
608 2585 779 2666 plantadi
800 2586 947 2649 uincam
964 2585 1136 2665 electam,
1160 2603 1303 2649 omnem
1330 2612 1356 2651 20

167 2707 294 2753 ueram„
334 2690 514 2771 quomodo
545 2707 727 2754 conuersa
756 2710 794 2753 es
826 2691 861 2753 in
892 2689 1183 2753 amaritudinem
1214 2690 1303 2754 uitis

167 2794 330 2859 alienae?
368 2812 439 2858 eece
461 2793 586 2858 niueam
614 2794 716 2858 adeo
743 2794 839 2857 nobili
867 2794 969 2858 radice
991 2794 1178 2877 plantatam,
1202 2793 1304 2857 studio

166 2898 286 2962 cultoris
309 2898 452 2978 electam,
475 2899 599 2982 proprio
621 2899 757 2962 ostendit
779 2899 907 2963 crimine
932 2898 1145 2980 deprecatam.
1184 2902 1215 2961 et
1237 2897 1304 2962 ideo

167 3000 202 3064 de
216 3021 252 3065 eo
266 3002 299 3065 in
313 3002 425 3067 Esaiae
440 3004 560 3067 cantico
575 3003 724 3085 loquitur:
746 3003 954 3085 expectaui,
971 3006 1011 3067 ut
1027 3004 1170 3067 laceret
1185 3020 1303 3083 uuam,

167 3106 252 3169 fecit
273 3110 397 3171 autem
420 3108 559 3189 spinas.
591 3108 762 3190 expectatio
783 3108 970 3189 increpantis
992 3108 1146 3191 agricolae
1169 3107 1304 3171 ostendit
1330 3132 1356 3173 as

166 3209 243 3274 huno
263 3213 388 3276 uincam
411 3212 484 3275 dare
508 3212 627 3276 fructus
654 3212 793 3293 potuisse
820 3212 965 3277 iustitiae.
1005 3215 1035 3275 et
1067 3230 1138 3275 curn
1167 3214 1303 3275 stantem

167 3315 271 3379 cadere
293 3319 425 3381 testetur
439 3334 541 3397 posse,
564 3334 635 3379 cum
652 3316 743 3380 dicit:
768 3319 805 3379 et
827 3318 889 3398 qui
912 3336 949 3379 so
973 3316 1165 3380 existimet
1187 3319 1303 3396 stare,

167 3418 286 3484 uideat
307 3439 351 3484 ne
374 3421 496 3500 cadat,
520 3424 552 3483 et
574 3440 591 3484 e
614 3421 766 3485 contrario
790 3420 829 3483 ad
850 3421 1004 3484 iacentem
1025 3421 1178 3501 loquitur:
1203 3438 1303 3483 num-

166 3523 249 3602 quid
264 3526 322 3605 qui
344 3525 445 3589 cadit
465 3543 536 3589 non
555 3526 740 3608 resurgit?
771 3528 904 3607 potens
925 3529 982 3589 est
1002 3526 1098 3589 enirn
1119 3525 1207 3588 deus
1231 3527 1303 3588 sta-

266 3739 292 3807 6]
310 3738 417 3803 fleur,
432 3742 472 3795 16.
543 3738 748 3809 7110b41,18.
824 3738 995 3804 Thren.4,l.
1066 3739 1093 3807 9]
1115 3741 1128 3793 1
1149 3737 1246 3802 Cord,
1262 3742 1301 3794 15.

168 3822 212 3891 14]
232 3826 244 3879 1
263 3824 411 3891 (lor.3‚16.
468 3827 514 3897 20]
533 3826 720 3893 1111111221.
774 3826 820 3896 24]
840 3826 909 3883 Esai.
924 3832 947 3891 5,
960 3829 984 3881 4.
1038 3824 1301 3894 27]1Cor.10‚12.

165 3910 212 3979 28]
230 3909 317 3969 Iorem.
331 3916 357 3979 8,
369 3915 387 3969 4
392 3934 399 3978 ;
417 3912 494 3969 Rom.
510 3916 549 3979 14,
561 3915 586 3969 4.

212 4113 392 4183 lconsparsio
409 4115 438 4169 P
496 4114 666 4182 trecopito
725 4115 758 4169 12
776 4111 878 4167 diabuli
897 4111 925 4166 P
977 4114 1008 4167 15
1027 4116 1055 4165 et
1072 4129 1159 4168 cono
1213 4113 1244 4166 17
1263 4110 1301 4178 et]

165 4203 256 4251 tumen
278 4202 376 4257 oddo
447 4204 479 4258 18
507 4200 608 4269 odeum
630 4201 658 4255 P
726 4203 761 4255 20
790 4203 945 4253 cnacnotem
972 4200 1078 4269 scripsi,
1107 4202 1248 4251 necuctam
1276 4198 1304 4250 P
1420 4256 1427 4267 ἱ

164 4284 294 4357 plantadi]
311 4293 337 4343 to
355 4289 450 4345 addo
502 4304 580 4342 omne
593 4304 683 4341 semen
696 4304 827 4343 uerumo
880 4290 912 4342 22
932 4286 981 4339 deo
1000 4302 1049 4341 ao
1101 4284 1261 4342 coelestum
1276 4284 1304 4339 P

166 4370 336 4441 deprecatum
354 4376 382 4431 P
432 4378 465 4432 24
483 4375 577 4447 unam]
595 4376 739 4433 uineamo
795 4377 829 4431 25
848 4373 1026 4445 agriculaeP
