3100 4892
598 438 841 507 Prolegomena.
1200 434 1290 490 xxxi

157 613 247 678 uerba
264 635 380 698 pauca
401 635 512 676 seusu
530 612 668 699 potius
691 635 802 697 quam
824 611 961 676 obtuto
987 611 1050 674 uix
1073 611 1290 695 (1111111111-

158 717 261 780 coccis
293 720 383 784 aliter
406 719 553 802 explicari
582 723 750 801 nequeant,
781 737 839 782 nec
869 722 975 782 111111
1005 717 1158 781 Faustum
1189 717 1290 780 uitam

157 821 281 888 Maximi
304 841 489 906 componere
511 824 544 886 in
568 823 672 887 animo
694 822 842 888 habuisse
858 826 889 886 et
905 821 1018 886 adhoc
1033 839 1111 905 opus
1127 820 1290 885 conficien-

157 927 225 992 dum
249 929 313 992 iam
335 929 437 993 multa
459 928 632 1011 collegisse,
656 927 711 992 sed
733 927 832 992 uerba
854 927 965 991 fecisse
981 926 1130 991 Urbicum
1152 929 1228 1008 puto
1251 926 1289 989 de

157 1033 227 1096 actis
258 1033 404 1113 Maximi,
438 1051 517 1115 quae
547 1032 683 1096 Faustus
718 1032 893 1116 colligenda
926 1035 958 1096 et
987 1033 1020 1118 in
1051 1031 1176 1095 arohiuo
1207 1031 1289 1094 sedis

157 1136 336 1219 episcopalis
351 1137 494 1201 Reiensis
515 1136 697 1220 deponenda
713 1140 888 1217 curauerat,
912 1154 975 1201 non
998 1139 1034 1200 ut
1056 1136 1124 1218 ipse
1146 1134 1288 1199 libellum

157 1241 190 1304 de
211 1261 234 1305 ι.
251 1241 385 1306 Maximi
398 1242 466 1306 uita
485 1242 600 1322 ederet,
623 1242 678 1306 sed
701 1245 737 1306 ut
759 1241 907 1323 antiquae
929 1240 1148 1305 consuetudini
1170 1257 1289 1303 merno-

156 1345 214 1409 riae
243 1347 415 1410 decessoris
444 1347 503 1410 boo
534 1347 625 1411 modo
655 1347 802 1410 colendae
833 1349 865 1410 et
893 1346 927 1409 in
954 1345 1073 1410 archiui
1099 1345 1222 1408 scriniis
1250 1344 1288 1407 ad

156 1451 367 1531 posteritatem
391 1450 559 1516 tradendae
583 1451 788 1515 satisfaceret.

193 1555 326 1619 Ioannes
343 1555 532 1619 Trithemius
550 1573 630 1619 anno
649 1553 733 1618 1483
748 1555 847 1619 abbas
863 1555 980 1618 electus
996 1553 1179 1619 monasterii
1190 1552 1289 1638 Spau-

155 1658 318 1724 beimensis
334 1660 367 1724 in
382 1660 461 1724 libro
478 1659 515 1722 de
532 1659 735 1741 scriptoribus
756 1659 974 1725 ecclesiasticis
998 1658 1041 1743 (p.
1058 1657 1122 1722 236
1146 1659 1288 1723 editionis

155 1761 419 1828 Franeofurtensis
438 1762 534 1848 1601)
550 1763 627 1828 haec
641 1764 751 1828 Fausti
767 1765 883 1847 scripta
897 1764 1002 1828 effert:
1027 1761 1066 1824 de
1085 1762 1179 1825 cuius
1195 1785 1288 1848 opos-

155 1865 233 1929 11111
252 1865 420 1952 feruntur
446 1865 531 1930 idom
557 1865 707 1930 uolumen
731 1866 769 1930 do
791 1867 903 1954 pratia
927 1865 979 1930 dei
1003 1865 1103 1948 lidi,
1126 1867 1287 1930 aduersus

154 1967 293 2034 Arianos
319 1970 372 2035 lio.
389 1972 416 2050 I,
440 1981 575 2034 contra
591 1970 1013 2056 Anthropomorpbitos
1038 1970 1146 2049 libi,
1170 1971 1208 2035 dc
1223 1972 1288 2056 spi·

155 2075 220 2138 ritu
241 2085 353 2140 sancto
378 2075 482 2140 1111
495 2075 580 2158 fidce
604 2075 764 2139 catholica
788 2075 825 2138 ia
839 2076 1034 2140 uniuersum
1048 2075 1206 2140 mundum
1221 2085 1287 2153 etc,

155 2179 196 2241 od
220 2178 361 2244 Gratum
389 2179 563 2243 diaconum
590 2189 704 2243 contra
728 2179 917 2243 Nestorium
944 2179 1048 2258 lius,
1077 2179 1123 2243 od
1150 2179 1288 2244 Felicem
1372 2159 1379 2174 ⁹

151 2283 354 2370 praefectum
378 2283 434 2348 lio.
451 2285 478 2362 I,
502 2285 655 2350 domitios
666 2284 784 2369 plures
800 2283 845 2348 od
855 2283 1029 2369 populum.
1066 2287 1181 2350 librum
1197 2286 1287 2350 illum

154 2393 257 2454 contra
278 2388 617 2474 Anthropomorphitas
645 2389 858 2454 aTrithemio
886 2408 948 2454 non
972 2390 1178 2470 assemsum,
1207 2390 1288 2471 quod

153 2511 212 2557 non
234 2495 419 2559 indicauerit
440 2495 566 2559 initium
590 2495 655 2558 eius
678 2494 788 2574 libelli,
812 2513 945 2576 eamque
964 2494 1003 2558 ob
1019 2514 1088 2558 rem
1103 2495 1197 2558 fidem
1214 2513 1287 2558 eum

153 2616 212 2662 non
234 2601 346 2664 mereri
368 2600 448 2664 falso
472 2603 650 2664 statuerunt
672 2599 731 2665 uiri
754 2599 846 2664 docti.
884 2617 942 2663 nec
970 2602 1077 2663 tamen
1105 2599 1173 2683 ipse
1194 2617 1288 2682 opus·

152 2702 255 2766 culum
277 2703 380 2767 adhuc
402 2703 595 2787 incognitum
619 2721 637 2767 a
660 2703 832 2767 Frithemio
857 2703 1023 2787 significari
1048 2707 1124 2786 puto
1147 2704 1203 2767 sed
1224 2707 1287 2768 ter·

152 2807 225 2870 tiam
248 2807 355 2872 Fausti
379 2808 556 2890 epistulam.
595 2811 679 2873 totus
704 2809 788 2872 enim
811 2808 927 2891 pendet
949 2808 1139 2873 Trithemius
1163 2807 1287 2872 11111-

152 2911 232 2974 nadii
247 2911 284 2977 de
299 2912 416 2978 Fausto
431 2912 547 2992 uerbis,
571 2931 653 2993 eum,
677 2916 712 2977 ut
727 2913 790 2976 alia
804 2913 1065 2994 praetermittam,
1088 2931 1124 2975 er
1140 2912 1286 2976 omnibus

152 3015 287 3096 epistulis
318 3017 396 3080 duas
427 3020 553 3080 tanturn
583 3019 808 3081 commemoret
838 3021 930 3099 atque
961 3035 1013 3080 eas
1041 3017 1177 3098 quidem,
1208 3035 1285 3098 quas

152 3118 342 3184 atienuadio
358 3123 495 3204 repperit
510 3121 661 3186 laudatas.
702 3123 764 3186 iam
781 3139 854 3184 oum
876 3122 983 3185 omnia
997 3121 1106 3185 Fausti
1128 3122 1245 3203 scripta
1267 3140 1286 3185 a

152 3219 307 3288 Gennadio
331 3229 514 3290 enumerata
537 3225 646 3290 afferat
669 3230 792 3309 praeter
814 3226 956 3290 libellum
981 3226 1131 3290 aduersus
1147 3244 1210 3306 eos,
1233 3227 1285 3308 qui

151 3325 257 3392 dicunt
277 3329 309 3392 in
333 3330 484 3394 creaturis
508 3349 577 3394 esse
600 3330 713 3411 aliquid
736 3330 964 3414 incorporeum,
986 3331 1019 3394 in
1042 3349 1101 3412 quo
1121 3330 1286 3395 confirmat

150 3431 225 3496 nihil
246 3435 433 3499 credendum
456 3435 673 3517 incorporeum
697 3439 821 3517 praeter
844 3436 948 3515 deum,
971 3435 1054 3499 buno
1078 3435 1157 3499 libro'
1177 3439 1285 3500 contra

149 3535 482 3622 Antlrropomorphitas
506 3539 573 3604 sine
597 3538 690 3603 dubio
713 3540 854 3623 intellegi
877 3539 976 3603 uoluit
998 3538 1200 3620 Trithemius,
1231 3540 1284 3621 qui

150 3637 294 3706 breuitati
323 3643 453 3708 studens
484 3642 574 3707 titulo
604 3643 658 3708 illo
689 3643 794 3708 miuus
822 3648 896 3727 apto
918 3680 960 3690 -
983 3662 1057 3707 nam
1085 3662 1148 3708 non
1175 3649 1285 3708 eontra

149 3743 327 3828 haereticos,
351 3747 405 3830 qui
419 3748 477 3812 deo
500 3748 633 3812 formam
656 3748 828 3813 humanam
852 3749 1078 3829 attribuebant,
1101 3749 1156 3812 sed
1175 3753 1284 3812 contra

149 3867 216 3930 eos,
250 3851 300 3932 qui
335 3855 458 3934 praeter
492 3851 585 3916 deum
621 3853 735 3934 aliquid
768 3853 788 3917 i.
813 3873 839 3917 e.
863 3857 1038 3917 creaturam
1068 3853 1282 3935 incorpoream

150 3971 218 4018 esse
247 3954 486 4036 contendebant,
517 3956 761 4038 disputatur-
790 3976 865 4020 usus
893 3961 951 4021 est.
989 3959 1093 4039 itaque
1121 3958 1173 4022 hio
1199 3961 1283 4021 certe

149 4057 264 4122 fraudis
290 4077 353 4124 non
383 4060 596 4124 incusabimus
620 4060 840 4142 Frithemium,
872 4062 924 4144 qui
952 4061 1149 4126 Gennadium
1177 4066 1283 4126 auoto-

150 4180 215 4224 rem
237 4168 361 4230 secutus
385 4168 433 4230 est
454 4183 555 4247 neque
578 4165 609 4230 iu
632 4165 691 4230 hac
705 4185 738 4230 re
756 4166 795 4230 ab
812 4185 847 4231 eo
864 4167 1017 4246 discessit,
1040 4167 1122 4248 quod
1136 4167 1282 4231 homilias

150 4263 254 4332 Fausti
267 4270 536 4349 commemorauit,
559 4287 647 4351 quae,
664 4287 735 4334 cum
752 4269 937 4334 Gennadius
951 4273 1066 4354 legisse
1082 4291 1115 4333 se
1132 4271 1282 4351 aliaque

150 4388 208 4450 que
231 4371 336 4438 Fausti
359 4375 476 4456 scripta
499 4373 644 4454 affirmet,
669 4375 784 4439 attulit.
