3100 4892
261 445 324 522 308
705 449 770 512 1111.
790 455 900 512 Sermo
918 455 959 514 21.

261 650 334 700 suos
358 633 531 699 exercuisse
554 635 781 720 cognoscimus,
811 636 865 718 qui
887 637 993 718 utique
1018 639 1082 700 tam
1111 639 1238 700 sanctus
1266 631 1336 717 fuit,
1367 639 1401 701 ut

261 759 313 804 ecs
344 741 412 805 odio
442 740 557 804 habere
580 737 670 824 <non>
696 740 859 824 potuisset.
898 741 980 804 uude
1011 740 1200 804 credendum
1230 746 1289 821 est,
1320 742 1400 824 quod
1512 730 1513 745 ¹

260 843 328 908 ideo
350 841 431 928 <eos>
453 843 707 908 tribulationibus
737 844 926 928 fatigarent,
956 848 992 908 ut
1022 861 1074 908 eos
1106 843 1145 908 ad
1172 845 1401 909 consessionem
1512 846 1513 861 ¹

260 947 399 1012 criminis
428 951 460 1012 ct
486 947 526 1012 ad
552 947 783 1012 medicamenta
804 947 1014 1032 paenitentiae
1036 953 1229 1032 prouocaret.
1268 949 1400 1031 denique

221 1069 332 1119 rcum
361 1053 472 1137 grandi
501 1051 605 1117 dolore
629 1053 772 1118 dixerunt
794 1071 828 1118 se
851 1053 961 1117 merito
983 1053 1038 1116 illa
1059 1053 1135 1136 pati,
1165 1054 1249 1136 quod
1275 1072 1400 1138 peccas-
1512 1098 1513 1133 ,

261 1161 333 1222 sent
348 1157 381 1221 in
396 1157 526 1221 fratrem
542 1175 634 1221 suum
650 1157 794 1222 uidentes
810 1157 992 1242 angustiam
1015 1157 1091 1222 eius.
1131 1160 1163 1221 et
1185 1158 1268 1240 quod
1284 1158 1400 1223 sciebat

259 1260 370 1326 beatus
386 1261 510 1344 Ioseph,
534 1261 616 1344 quod
639 1261 789 1326 fratribus
813 1262 878 1327 suis
897 1262 1051 1345 parricidii
1070 1263 1189 1327 crimen
1204 1264 1271 1328 eine
1291 1263 1399 1348 grand
1512 1258 1513 1277 ³

259 1365 452 1448 paenitentia
473 1366 628 1450 indulgeri
655 1384 717 1430 non
746 1369 863 1450 posset,
894 1367 993 1430 semel
1024 1371 1055 1431 et
1084 1368 1219 1432 secundo
1249 1367 1399 1432 attentio
1512 1418 1513 1433 t

260 1470 438 1534 medicabili
460 1471 661 1534 tribulatione
684 1473 847 1552 tamquam
870 1471 1002 1553 spiritali
1023 1471 1096 1555 igne
1119 1471 1250 1553 decoxit,
1280 1489 1344 1536 non
1366 1476 1399 1535 ut
1512 1488 1513 1511 ι

208 1603 234 1642 ro
260 1593 294 1638 so
318 1575 499 1656 uindicaret,
522 1574 576 1639 sed
599 1579 634 1639 ut
656 1575 725 1640 illos
749 1575 926 1659 corrigeret.
965 1574 1100 1658 danique
1122 1577 1307 1659 prinsquam
1330 1595 1399 1659 pec-
1512 1562 1513 1651 ζ

259 1682 365 1742 catum
389 1697 481 1743 suum
504 1677 727 1744 confiterentur
750 1684 782 1744 et
804 1679 933 1759 crimen,
956 1680 1039 1760 quod
1061 1681 1266 1762 admiserunt,
1291 1685 1399 1745 mutua

259 1783 339 1847 inter
370 1803 403 1866 se
434 1784 637 1867 castigatione
669 1787 903 1863 consumerent,
938 1802 995 1847 nee
1025 1785 1259 1868 agnoscendum
1290 1803 1324 1848 se
1354 1785 1397 1848 eis
1512 1840 1513 1843 ,

260 1887 346 1952 dedit
368 1905 426 1952 nec
448 1889 533 1971 pacis
556 1888 698 1952 osculum
722 1888 785 1952 illis
807 1887 945 1952 indulsit.
981 1905 1054 1952 cum
1074 1907 1148 1953 uero
1163 1889 1233 1953 illos
1249 1907 1304 1972 pro
1327 1908 1398 1973 pec·
1512 1910 1513 1951 1

259 1995 338 2072 cato,
362 1992 444 2074 quod
466 1993 500 2056 in
522 1991 626 2075 ipsum
649 1993 851 2072 admiserant,
875 1992 1037 2056 humiliter
1063 1993 1142 2058 uidit
1165 1992 1316 2074 adflictos,
1347 1993 1398 2057 de-

207 2123 232 2164 re
259 2097 416 2161 osculatus
444 2102 492 2161 est
520 2097 659 2180 singulos
688 2100 719 2161 et
745 2095 834 2161 fleuit
857 2101 888 2161 et
909 2097 1093 2179 pauentium
1116 2098 1197 2162 colla
1218 2098 1268 2180 pio
1295 2099 1398 2162 oculo-

257 2220 328 2265 rum
351 2219 419 2265 rore
441 2201 632 2284 perscindens
656 2201 761 2266 odium
782 2202 914 2265 fratrum
930 2202 1069 2266 caritatis
1084 2201 1223 2265 lacrimis
1239 2202 1395 2266 abluebat.

302 2305 390 2386 Quod
420 2325 493 2390 ergo
524 2307 600 2370 deus
629 2306 663 2370 in
689 2306 782 2370 beato
805 2306 899 2370 Iacob
927 2306 1003 2369 lecit
1025 2310 1056 2370 et
1078 2307 1161 2389 qnod
1183 2307 1296 2390 Ioseph
1325 2325 1398 2390 erga

256 2411 369 2475 fratres
394 2411 538 2492 exercuit,
562 2411 620 2474 hoe
644 2411 737 2475 etiam
761 2413 793 2473 et
816 2429 872 2474 nos
895 2410 927 2473 in
949 2410 1022 2490 illis,
1046 2410 1153 2493 quiin
1177 2411 1266 2476 nobis
1289 2430 1397 2495 pecca-
1512 2480 1513 2483 ,

257 2519 379 2596 uerunt,
410 2514 560 2580 debemus
591 2516 733 2597 implere,
763 2517 799 2578 ut
829 2532 891 2578 non
921 2514 1017 2597 ipson,
1048 2514 1103 2578 sed
1132 2519 1261 2597 paccata
1290 2535 1395 2580 eorum

205 2647 231 2684 ιο
258 2620 440 2684 studeamus
464 2620 548 2684 odire
571 2621 602 2682 et
624 2621 669 2684 ita
690 2619 825 2683 uelimus
849 2618 1021 2682 secuudum
1043 2618 1153 2700 culpae
1176 2619 1323 2684 meritum
1343 2621 1397 2684 du-

256 2725 383 2788 rissima
412 2725 616 2808 castigatione
647 2723 811 2804 corripere,
841 2727 877 2786 ut
908 2741 960 2787 ecs
991 2723 1174 2787 studeamus
1203 2725 1236 2787 in
1266 2727 1395 2789 uenata

257 2828 394 2912 diligere.
427 2829 510 2892 haec
533 2827 560 2891 si
580 2827 745 2907 faciamus,
777 2827 890 2891 fratres
913 2827 1076 2906 carissimi,
1106 2827 1244 2910 inpletur
1265 2830 1343 2893 illud
1364 2830 1395 2892 in

257 2931 356 3012 nobis,
380 2934 461 3015 quod
485 2933 635 3015 scriptum
663 2936 724 2996 est:
756 2931 917 2995 inuicem
948 2949 1060 2996 onera
1091 2936 1220 2997 uestra
1249 2938 1396 3015 portate

257 3040 293 3100 et
316 3037 369 3101 sic
392 3037 641 3121 adinplebitis
664 3037 786 3119 legam
810 3035 961 3101 Christi.

204 3167 230 3208 aa
298 3141 349 3206 Ad
374 3146 548 3206 extremum
572 3144 607 3205 ut
630 3145 742 3220 toturn,
774 3143 856 3222 quod
883 3141 954 3221 dini,
985 3141 1074 3205 breui
1101 3160 1245 3207 sermone
1272 3144 1396 3208 conclu·

257 3246 339 3327 darn,
370 3247 476 3311 taliter
498 3246 717 3329 indulgeamus
741 3245 796 3326 eia,
828 3245 934 3327 quiin
957 3246 1047 3310 nobis
1070 3253 1290 3329 peccauerunt,
1320 3265 1395 3330 qua·

255 3351 326 3414 liter
355 3351 510 3431 uolumus,
538 3355 574 3414 ut
601 3349 691 3414 nobis
718 3349 881 3432 indulgeat
907 3349 995 3430 deus,
1023 3351 1166 3431 quotiens
1193 3352 1226 3416 in
1249 3353 1303 3417 illo
1324 3371 1396 3436 pec·

256 3473 374 3518 camus.
414 3455 491 3519 haec
521 3455 548 3518 si
579 3455 741 3534 faciamus,
774 3453 874 3517 coemi
905 3454 1064 3536 possimus
1094 3455 1211 3519 dicere:
1246 3457 1394 3520 dimitte

360 3671 406 3740 aa]
426 3671 484 3727 cu.
499 3674 524 3736 c,
536 3675 560 3728 a.
586 3641 589 3650 ’
615 3672 660 3740 aa]
679 3671 776 3725 naath.
790 3673 814 3734 c,
829 3673 869 3726 12.

298 3868 392 3922 2ιιοιι
414 3868 495 3935 Aug,
518 3883 568 3922 om.
586 3865 616 3920 D
685 3866 769 3919 aeos
791 3862 899 3929 addidi,
922 3879 973 3916 om.
997 3862 1033 3929 D,
1060 3878 1105 3915 eos
1127 3865 1211 3917 tantis
1237 3867 1301 3921 add.
1322 3868 1392 3937 Aeg.

254 3951 413 4008 toreminis
432 3954 462 4007 D
520 3949 680 4020 lparricidi
698 3950 736 4018 D,
754 3948 897 4004 fratricidii
915 3949 986 4016 Aug.
1058 3965 1164 4003 cremon
1182 3952 1212 4006 D
1266 3954 1393 4022 8pooni-

254 4039 368 4094 tentiam
391 4041 422 4094 D
472 4038 559 4108 possit
580 4042 607 4092 et
629 4039 659 4092 D
712 4039 745 4092 lo
769 4036 821 4090 uiri
844 4034 946 4088 dicaret
968 4035 998 4090 D
1050 4040 1172 4104 correget
1196 4040 1227 4093 D
1281 4043 1310 4096 ll
1337 4057 1393 4094 cre

255 4143 316 4181 man
335 4127 365 4182 D
437 4129 469 4183 14
487 4125 526 4194 in]
545 4125 574 4178 id
591 4125 655 4180 add.
669 4125 699 4180 D
769 4127 803 4179 15
825 4121 945 4190 singulos
967 4121 1007 4189 et]
1029 4123 1217 4192 persingulas
1239 4128 1392 4198 addim.

256 4218 288 4272 18
306 4215 334 4268 in
352 4213 500 4283 illisdup,
518 4212 652 4268 ctillisD
706 4214 737 4266 19
750 4215 782 4265 ut
793 4213 875 4279 Acco,
873 4209 962 4312 ¹¹'otD
1013 4209 1226 4272 2οιιο11ἰιιιιιευ
1277 4218 1394 4274 adbel)

254 4329 288 4381 22
307 4325 422 4394 dilegcrc
440 4328 471 4381 D
534 4329 567 4383 23
586 4327 686 4382 honera
703 4329 733 4384 D
798 4331 832 4385 24
849 4321 917 4398 iliud
937 4321 967 4375 D
1023 4319 1057 4381 25
1075 4333 1151 4389 brebi
1169 4334 1198 4389 D
1249 4337 1284 4390 26
1300 4334 1327 4387 in
1345 4347 1393 4386 nos

256 4415 326 4480 Aoo.
375 4416 407 4469 27
425 4412 616 4484 induligcatD
668 4417 696 4470 in
714 4417 792 4472 illurn
804 4419 874 4488 Aug.
930 4424 963 4476 28
976 4421 1190 4491 sacierisamusD
1242 4421 1393 4475 demitteD
