3100 4892
652 377 893 447 Prolegomana.
1255 380 1343 434 LXXI

201 554 327 620 Ruricio
346 554 446 620 frater
465 555 650 638 appellatur,
670 573 856 639 germanum
877 555 944 620 eius
963 555 1070 621 fnisse.
1106 557 1213 621 Fausti
1236 560 1342 620 autem

202 658 299 722 uerba
328 659 406 740 quin
437 659 474 722 de
501 658 630 724 Leontio
652 659 771 724 Ruricii
801 659 863 724 lilio
894 660 1105 744 intellegenda
1135 662 1207 741 sint,
1237 661 1342 724 nullus

201 763 319 829 dubito.
358 765 461 848 pergit
475 763 651 828 Kruschins
674 766 694 828 l.
712 764 748 827 l.:
773 785 850 848 quoe
865 762 959 845 filios
981 763 1131 849 appellat
1147 763 1341 848 (Ruricius)

201 866 383 946 leontium,
407 867 587 946 Rusticum,
615 865 783 946 Seuerum,
812 868 929 952 quaeri
951 878 1066 954 potest,
1093 891 1170 932 aum
1192 867 1342 932 ceruales

203 970 378 1057 intelleget.
418 977 451 1036 at
475 972 572 1037 fuisse
596 973 761 1038 Leontium
788 991 899 1038 reuera
924 972 1025 1038 filium
1047 975 1205 1038 carnalem
1226 974 1344 1038 Ruricii

200 1095 297 1160 snpra
320 1077 527 1158 ostendimus,
551 1083 660 1143 contra
681 1078 830 1142 Rusticus
854 1082 886 1142 et
908 1076 1043 1143 Seuerus
1065 1097 1127 1143 non
1155 1078 1256 1162 magis
1279 1079 1343 1142 Ru-

199 1183 268 1246 ricii
291 1183 347 1246 filii
371 1185 469 1264 eraut,
494 1201 587 1265 quam
611 1183 794 1265 Hesperius,
818 1183 1002 1267 Capillutus,
1031 1183 1219 1263 Praesidius,
1241 1183 1344 1248 Uitta-

200 1305 307 1351 merus
339 1287 391 1350 alii
414 1305 433 1351 a
453 1287 578 1352 Ruricio
608 1287 663 1351 filii
693 1288 852 1370 appellati.
891 1289 988 1351 immo
1020 1306 1093 1352 uero
1116 1288 1213 1370 patris
1236 1287 1344 1352 Seueri

200 1391 346 1456 Ruricius
369 1393 436 1475 ipse
458 1393 651 1456 mentionem
673 1391 750 1456 facit
770 1411 801 1474 p.
817 1391 927 1471 teau
951 1413 1029 1477 erpa
1050 1413 1097 1454 uae
1118 1390 1219 1454 bonae
1237 1413 1343 1454 menae-

201 1495 274 1558 ra‘ae
298 1495 435 1580 patria
463 1495 588 1558 uestri
614 1516 677 1558 nou
701 1494 806 1558 solum
828 1495 985 1573 retinetis,
1012 1495 1069 1560 sed
1095 1495 1192 1558 ctiam
1214 1495 1344 1559 uicietia

199 1598 362 1686 affectum.

244 1704 333 1784 Quae
367 1705 419 1770 hic
453 1706 698 1788 disputauimus,
739 1709 773 1770 ut
811 1707 923 1770 melius
957 1707 1193 1789 intellegantur,
1228 1706 1345 1769 Ruricii

199 1814 340 1874 stemma
363 1810 496 1892 depingo
519 1810 627 1873 hoece:

391 1929 492 1982 Ruricii
509 1933 586 1998 pater
696 1929 848 1982 Ommatius
866 1929 1003 1983 Aruernus
1022 1929 1122 1982 Ruricii
1142 1945 1215 1983 socer

427 2067 550 2122 Ruricius
602 2072 632 2133 ><
686 2067 774 2121 Iberia
792 2086 857 2121 uxor

88 2211 1142 2311 mamam
1152 2247 1182 2306 ><
1193 2241 1319 2310 Agricola
1335 2259 1416 2311 gener

290 2381 414 2434 Ruricius
433 2396 521 2450 nepos,
540 2381 611 2435 filius
631 2382 718 2435 nescio
738 2382 812 2435 cuius
1087 2380 1248 2434 Parthenius
1259 2385 1288 2443 ><
1300 2381 1450 2450 Papianilla

1146 2519 1249 2572 Ruricii
1267 2536 1397 2589 pronepos

198 2646 261 2711 Cui
284 2646 447 2710 stemmati
477 2645 555 2708 adde
578 2662 692 2708 nomen
716 2643 799 2708 filiae
822 2643 960 2708 Namatii
988 2648 1019 2708 et
1042 2643 1222 2723 Cerauniae,
1253 2645 1345 2708 unius

197 2771 238 2814 ex
262 2749 334 2813 filiis
356 2749 472 2814 Ruricii
494 2750 608 2813 uxoris,

245 2855 389 2918 Ruricius
421 2855 545 2937 scripsit
575 2853 724 2937 epistulas
755 2853 789 2917 in
812 2854 888 2917 duos
911 2852 1008 2917 libros
1031 2853 1183 2932 redactas,
1214 2870 1345 2934 quorum

196 2959 286 3042 prior
308 2959 448 3022 eontinet
471 2958 620 3040 epistulas
647 2955 697 3037 18,
727 2959 880 3040 posterior
902 2955 945 3019 65
968 2957 1019 3020 uel
1042 2955 1094 3035 64,
1125 2957 1152 3019 si
1180 2957 1345 3039 epistulam

197 3062 255 3142 53,
280 3081 359 3145 quae
383 3063 422 3126 ad
445 3061 577 3126 uerbum
592 3062 759 3126 concordat
775 3080 847 3124 cum
864 3079 910 3142 ep.
931 3058 981 3141 12,
1004 3061 1124 3125 librarii
1140 3078 1243 3125 errore
1258 3080 1345 3144 repe-

196 3170 293 3232 titam
320 3187 388 3232 esse
416 3186 487 3230 cum
510 3166 667 3230 Krusehio
696 3166 864 3230 existimas.
905 3165 1017 3247 quibus
1046 3166 1206 3229 addendae
1229 3169 1304 3228 sunt
1326 3164 1345 3227 8

196 3273 355 3355 epistulae
379 3272 418 3335 ad
439 3271 600 3335 Ruricium
624 3271 760 3354 scriptae
783 3269 827 3352 (p.
844 3267 1031 3353 443-450)
1055 3274 1086 3334 et
1108 3268 1129 3332 5
1152 3271 1259 3333 Fausti
1282 3272 1346 3353 epi·

196 3378 303 3440 stulae
327 3375 365 3439 ad
380 3375 540 3440 Ruricium
564 3375 656 3439 datae
680 3374 723 3457 (p.
741 3371 937 3458 nos-219).
976 3392 1076 3455 neque
1100 3373 1242 3437 homines
1258 3375 1346 3439 theo-

194 3481 264 3564 logi
294 3498 395 3561 neque
422 3479 562 3543 historici
589 3497 624 3542 ex
652 3479 718 3542 eius
748 3479 889 3561 epistulis
917 3479 1052 3542 multum
1079 3480 1251 3558 lucrantur,
1283 3497 1344 3542 non

196 3587 287 3652 enim
312 3589 487 3650 tractantur
508 3585 542 3648 in
559 3585 602 3648 eis
618 3584 815 3666 quaestiones
833 3584 1035 3666 theologicae,
1059 3586 1094 3646 ut
1108 3583 1140 3646 in
1157 3581 1344 3665 quibusdam

195 3691 311 3755 Fausti
323 3689 474 3772 epistulis,
491 3707 591 3770 neque
604 3688 643 3752 ad
654 3693 797 3771 tempora
808 3688 923 3752 Ruricii
940 3688 1113 3752 accuratius
1129 3688 1345 3771 cognoscenda

195 3794 303 3858 multa
318 3793 388 3856 inde
409 3793 512 3875 colligi
530 3796 672 3875 possunt,
696 3795 731 3856 ut
754 3810 790 3854 ex
806 3791 923 3856 Sidonii
939 3792 1089 3874 epistulis,
1128 3810 1208 3874 quae
1224 3792 1264 3856 ad
1277 3811 1344 3856 rec-

194 3901 263 3963 tius
288 3897 513 3980 intellegendas
537 3915 590 3960 eas
614 3897 791 3960 necessaria
813 3915 882 3960 esse
905 3895 1103 3978 uidebantur,
1128 3913 1164 3960 ea
1186 3897 1219 3960 in
1240 3897 1342 3960 iudice

193 4002 366 4068 nominum
389 4005 420 4066 et
441 4020 547 4067 rerum
569 3999 706 4064 breuiter
729 4000 960 4065 adnotauimus.

243 4107 295 4170 De
317 4105 434 4170 Ruricii
457 4105 630 4170 elocutione
658 4109 759 4170 exstat
782 4104 899 4171 Sidonii
921 4105 1068 4170 iudicium
1092 4102 1342 4189 (p.138‚2n.):

192 4207 317 4275 stilum
338 4217 484 4272 uestrum
514 4218 638 4294 quantu
668 4209 838 4272 comitetur
864 4207 919 4272 orel
941 4209 1077 4295 flamma
1105 4230 1258 4271 sensuum
1288 4207 1341 4271 uel

194 4312 297 4380 undu
320 4334 507 4391 sermonum,
540 4311 678 4377 liberius
702 4333 886 4390 assererem,
916 4312 994 4391 uisi,
1026 4312 1103 4376 dum
1129 4334 1176 4378 mc
1200 4310 1342 4377 laudare
