3100 4892
264 412 330 475 432
769 414 895 467 Ruricii

265 591 418 669 oportuna
447 580 627 672 porrigeret.
672 590 754 654 undo
781 609 836 673 per
858 590 1017 655 hominem
1040 590 1095 655 filii
1119 592 1181 655 mei
1205 592 1325 656 Leontii
1346 592 1394 655 hes

265 691 304 754 ad
334 692 544 774 apostolatum
576 696 719 757 uestmm
753 694 838 774 dedi,
874 693 985 775 quibus
1019 695 1224 777 sospitatione
1258 696 1394 779 praelata,

263 812 360 877 quam
390 816 427 860 ex
457 798 614 862 sententia
643 798 700 861 deo
731 799 858 863 fauente
888 798 1035 880 ualeatis,
1070 800 1208 881 inquiro,
1244 800 1314 882 quia
1342 798 1394 882 ipsi

264 902 363 964 nostis
386 901 634 966 incolumitatem
660 905 800 967 uestram
824 906 965 967 nostram
988 920 1056 967 esse
1079 904 1243 984 laetitiam,
1267 922 1393 987 sperans,

239 1006 301 1068 eut
329 1005 477 1069 redeunte
507 1007 647 1089 praefato
676 1024 734 1070 nos
763 1007 900 1071 reddetis
931 1008 973 1079 de¹
992 1007 1104 1071 uestris
1128 1007 1252 1072 actibus
1274 1008 1394 1091 propitia

264 1108 429 1173 diuinitate
453 1128 588 1191 securos,
611 1129 688 1192 quos
712 1110 824 1175 uidetis
849 1130 917 1175 esse
936 1109 1002 1196 <de)
1016 1113 1224 1195 prosperitate
1248 1112 1393 1176 sollicitos.

815 1338 849 1401 L.

475 1495 621 1538 uumerus
644 1496 811 1539 nersoorus
835 1473 1194 1541 cunennren'senussn.

307 1630 355 1693 De
378 1631 597 1713 sincerissima,
621 1649 684 1714 qna
706 1650 763 1697 nos
786 1649 841 1715 pro
865 1632 1060 1716 benignitete
1080 1632 1176 1697 animi
1191 1633 1247 1713 tui,
1271 1650 1331 1697 non
1345 1648 1393 1713 pro

100 1813 103 1817 Δ
213 1757 238 1791 ιι
264 1734 379 1797 nostris
402 1735 521 1799 meritis
545 1735 680 1819 dignaris
704 1736 843 1800 excolere
867 1736 899 1800 in
923 1736 1060 1817 domino,
1090 1737 1221 1801 caritate
1245 1736 1391 1802 conlidens

263 1854 391 1900 securus
421 1838 478 1902 has
508 1840 548 1903 ad
574 1840 807 1905 uenerationem
834 1844 922 1905 tuam
946 1840 1053 1921 direxi,
1084 1839 1199 1922 quibus
1222 1840 1256 1905 in
1278 1840 1391 1904 domino

263 1958 299 2003 ec
329 1941 386 2004 deo
417 1945 522 2007 nostro
550 1943 685 2009 salutem
707 1943 837 2009 uberem
861 1944 967 2008 dicens
991 1944 1167 2027 specialiter
1189 1961 1275 2028 rogo,
1298 1948 1331 2008 ut
1352 1961 1391 2021 ea,

262 2063 341 2125 queo
371 2066 427 2128 per
449 2066 576 2111 seruum
600 2051 742 2112 uestrum
764 2048 947 2113 Amandum
969 2048 1066 2113 uerbo
1090 2050 1223 2132 sperari,
1254 2050 1281 2113 si
1303 2046 1392 2131 possi·

263 2147 325 2212 bile
355 2154 413 2231 est,
444 2150 534 2215 uobis
558 2152 625 2216 sine
649 2153 798 2217 dilatione
821 2157 980 2237 praestare
1010 2153 1192 2237 dignemini,
1223 2153 1295 2235 quia
1323 2152 1391 2214 haec

212 2276 236 2313 ιι
262 2272 311 2317 res
335 2258 374 2318 et
403 2272 460 2319 nos
490 2256 631 2321 releuare
661 2260 766 2339 potest
800 2261 832 2321 et
861 2258 950 2323 nobis
984 2258 1106 2321 nullum
1140 2260 1245 2338 potest
1281 2256 1391 2321 adferre

262 2357 470 2441 dispendium,
492 2360 573 2441 quod
594 2378 651 2443 ego
667 2380 722 2444 pro
739 2360 889 2425 beneficio
906 2362 1041 2426 maximo
1057 2360 1243 2443 conputabo,
1277 2362 1390 2437 iterum,

263 2462 294 2526 in
325 2481 385 2544 quo
416 2464 568 2528 iusseritis
592 2465 643 2528 uel
665 2483 741 2528 usus
765 2466 910 2549 exegerit,
933 2466 1034 2530 uicem
1056 2465 1224 2548 reciprocis
1248 2463 1390 2546 obsequiis

262 2585 428 2649 repensare
451 2567 647 2632 contendam.

804 2690 855 2753 LI.

209 2848 234 2887 20
397 2849 543 2893 uumerus
566 2849 735 2892 EPISOOPUS
758 2851 911 2892 CENSORIO
934 2851 1085 2893 muscoso
1108 2850 1262 2893 SALUTEM.

303 2984 438 3049 Litteras
472 2986 650 3050 sanctitatis
684 2989 808 3050 uestrae
843 2986 901 3050 etsi
934 3004 990 3067 per
1020 2986 1215 3051 occasionem
1245 2984 1388 3067 accepisse

260 3106 311 3150 me
333 3089 482 3171 gratulor.
528 3107 590 3154 non
614 3091 697 3153 enim
720 3090 860 3169 interest,
889 3092 995 3153 utrum
1019 3109 1054 3152 ex
1078 3090 1263 3153 necessitate
1283 3091 1336 3153 eut
1357 3103 1387 3149 er

160 3204 164 3214 ·
259 3193 432 3274 uoluntate,
464 3194 631 3258 dnmmodo
659 3194 741 3257 inter
769 3213 802 3257 se
830 3194 976 3275 inuicem,
1007 3194 1060 3275 qui
1089 3213 1122 3257 se
1153 3193 1294 3277 diligunt,
1324 3208 1388 3255 con·

260 3296 427 3378 loquantur
458 3302 498 3377 et,
534 3316 610 3379 quos
645 3314 771 3381 corpore
801 3298 941 3362 locorum
975 3298 1141 3362 interualla
1175 3298 1387 3371 discriminant,

207 3424 233 3463 rs
261 3400 438 3465 animorum
467 3420 504 3465 ac
534 3420 684 3465 sensuum
715 3402 879 3483 conloquia
909 3400 971 3465 fide
1001 3402 1205 3485 coniungent,
1240 3401 1308 3484 quie
1336 3400 1387 3462 hoo

260 3504 350 3569 uobis
379 3505 525 3589 generale
556 3506 606 3569 uel
639 3506 812 3569 maximum
840 3505 941 3569 uirtus
965 3506 1089 3569 diuinae
1111 3506 1236 3588 pietatis
1258 3502 1385 3579 indulsit,

257 3612 304 3688 ut,
334 3609 388 3690 qui
418 3626 474 3673 nos
506 3612 634 3691 aspectu
665 3609 783 3673 cernuli
810 3627 872 3673 non
895 3626 1063 3691 possumus
1086 3610 1237 3689 contueri,
1267 3603 1384 3691 spiritali

258 3729 424 3777 cernamus
446 3712 566 3777 obtutu.
613 3714 695 3777 unde
718 3713 868 3777 redeunte
890 3712 998 3795 gerulo
1021 3712 1197 3777 litterarum
1219 3713 1286 3792 has,
1314 3710 1385 3775 sicot

303 3918 485 3989 lporrigeret
502 3919 562 3985 Kr,
581 3919 729 3988 porregerit
747 3920 776 3987 S,
795 3918 975 3987 porrexerito
1036 3918 1163 3973 leontiS
1221 3913 1385 3988 ‘ipraelstd

256 4006 405 4061 lnootiS
455 4004 708 4061 incolomitatemS
759 4005 826 4059 6de
845 4006 908 4060 add.
921 4022 945 4072 c,
964 4006 1052 4061 onas
1104 4004 1242 4062 Sril‘cS
1290 4016 1383 4057 merou-

257 4092 345 4163 nieS
394 4092 534 4160 coquas
585 4095 615 4148 11
636 4091 670 4144 ad
688 4092 887 4146 uenerationem
905 4110 929 4157 o,
948 4090 1179 4147 aduentionemS
1232 4096 1262 4148 13
1280 4085 1382 4161 sperari]

258 4177 407 4245 significetui
426 4182 496 4233 coni.
514 4196 538 4241 o,
562 4178 677 4231 resereui
695 4180 880 4234 Mommsenio
952 4180 985 4233 16
1007 4178 1132 4232 benefitio
1150 4195 1183 4233 ex
1200 4178 1347 4232 benefitium
1364 4174 1383 4228 S

258 4264 374 4317 maximo
391 4282 405 4318 e
422 4282 489 4320 corr.
505 4266 540 4320 S¹
605 4267 636 4321 17
656 4266 810 4333 exigeritS
860 4264 1077 4321 accensorias
1134 4266 1169 4319 26
1188 4265 1293 4319 diuinos
1310 4264 1382 4318 Loret-

254 4350 371 4418 posaeo,
389 4349 446 4404 diui
461 4352 465 4417 l
481 4353 538 4404 ecte
556 4351 586 4418 S,
605 4350 651 4404 diu
669 4350 788 4406 isciaco
