3100 4892
610 432 675 488 llil.
695 433 804 488 Sermo
823 436 847 490 2.
1235 433 1300 498 229

165 627 223 672 non
247 609 308 674 tria
329 627 434 694 regna.
466 627 561 692 quare
579 627 675 673 unum
692 609 807 674 deum?
835 611 909 692 quia
929 628 992 674 una
1008 611 1146 693 operatio
1161 611 1300 692 uirtutis,

164 713 272 778 eadem
294 713 456 779 concordia
483 714 665 794 uoluntatis,
693 731 756 779 uua
779 714 937 795 diuinitas,
965 732 1028 778 una
1055 715 1300 798 sempiternitas,

163 835 224 882 uua
249 819 406 882 maiestas.
452 835 546 900 qnare
570 822 674 883 autem
697 823 760 882 tres
784 821 956 900 personas?
1001 819 1074 900 quia
1100 820 1179 884 alter
1201 823 1300 903 pater,

162 922 240 987 alter
255 921 347 1002 filius,
371 923 450 987 alter
470 923 598 1005 spiritus
622 927 758 1003 sanctus,
783 922 838 987 sed
862 923 894 988 in
918 923 1091 989 diuinitatis
1115 924 1301 1007 aequalitate

162 1030 287 1090 nonest
305 1027 398 1092 aliud.
433 1045 496 1092 una
518 1027 601 1092 enim
624 1029 656 1092 in
679 1026 779 1092 tribus
801 1027 912 1111 gloria,
934 1047 998 1092 una
1020 1028 1206 1109 substantia,
1229 1029 1299 1094 uni·
1324 1051 1338 1092 a

161 1133 321 1213 tatemque
344 1131 420 1195 facit
443 1132 615 1213 aequalitas
639 1133 802 1212 uirtutum,
817 1127 1004 1197 'trinitatem
1025 1133 1101 1196 facit
1126 1134 1298 1216 proprietas

162 1235 324 1300 nominum
348 1239 378 1302 et
407 1254 555 1300 uumerus
577 1253 793 1319 personarum.
827 1237 909 1300 unde
938 1235 1071 1300 fideliter
1097 1237 1298 1317 retineamus

162 1339 235 1422 quia
269 1340 412 1404 dominus
447 1346 554 1405 noster
590 1341 680 1405 Iesus
715 1339 859 1406 Christus
894 1341 981 1405 uenit
1017 1341 1050 1405 in
1087 1342 1146 1407 hoc
1182 1343 1299 1407 mundo

161 1449 335 1525 peccatores
367 1447 471 1511 saluos
499 1445 609 1526 facere,
634 1446 715 1510 sicut
738 1446 775 1508 de
805 1445 862 1508 deo
886 1449 969 1509 totus
992 1445 1081 1526 deus,
1109 1447 1154 1511 ita
1180 1447 1218 1511 de
1246 1447 1301 1512 ho-

162 1547 244 1612 mine
267 1552 350 1613 totus
373 1549 466 1614 homo
497 1549 616 1631 absque
639 1549 824 1633 contagione
853 1550 990 1630 peccati,
1019 1551 1191 1614 secuudum
1221 1549 1301 1614 dini·
1327 1571 1354 1613 ao

162 1652 293 1716 nitatem
326 1653 465 1735 aequalis
493 1654 584 1735 patri,
615 1654 788 1718 secundum
810 1653 1042 1718 humanitatem
1071 1657 1173 1719 minor
1204 1655 1300 1720 etiam

162 1757 280 1840 augelis
305 1760 334 1822 ei
357 1757 458 1822 iunior
481 1758 584 1838 matri,
609 1776 702 1840 quam
724 1758 852 1821 creauit.

202 1860 289 1925 Haec
319 1866 392 1926 sunt
426 1862 509 1926 uitae
540 1879 575 1926 ac
609 1863 675 1945 spei
705 1864 829 1926 nostrae
859 1860 1050 1926 solidissima
1083 1862 1299 1927 fundamenta.

162 1967 268 2045 restat,
296 1968 331 2028 ut
354 1984 446 2048 super
469 1966 545 2030 haee
578 1966 729 2031 bonomm
758 1965 848 2030 nobis
879 1984 1010 2049 operum
1036 1969 1195 2030 structura
1224 1985 1301 2031 cou-

163 2073 277 2152 surgat,
305 2070 388 2151 quod
417 2071 523 2152 utique
547 2070 759 2135 obtinebimus
787 2070 938 2134 imitando
966 2071 1067 2151 illum,
1095 2071 1148 2152 qui
1169 2071 1239 2136 ideo
1262 2090 1299 2137 ex
1327 2091 1353 2134 n

162 2172 216 2237 deo
239 2174 332 2238 homo
359 2174 460 2238 iactus
489 2179 546 2255 est,
574 2180 610 2239 ut
636 2175 725 2240 illum
752 2175 909 2258 possimus
936 2175 1062 2239 imitari.
1106 2175 1301 2240 imitabimur

162 2281 265 2341 autem
294 2279 386 2342 deum
413 2279 606 2362 neglegendo
634 2279 806 2360 saeculum,
833 2279 961 2343 iniurias
985 2296 1047 2343 non
1074 2279 1299 2362 persequendo,

163 2382 337 2446 uoluntates
364 2383 504 2465 proprias
531 2383 715 2467 respuendo,
744 2382 946 2448 subiectionis
973 2383 1106 2466 gloriam
1133 2383 1299 2466 diligendo,

162 2487 374 2555 tribulationes
403 2488 645 2571 magnanimiter
672 2488 865 2567 sustinendo,
893 2488 1025 2552 honores
1053 2506 1089 2552 ac
1116 2488 1240 2552 bulbus
1269 2492 1302 2552 et

162 2591 372 2656 dilectationes
394 2592 488 2657 huius
511 2593 645 2676 corporis
668 2593 862 2656 declinando.
901 2596 967 2656 tota
986 2592 1091 2674 itaque
1115 2592 1204 2657 nobis
1226 2593 1299 2657 illuc
1326 2612 1355 2656 m

162 2694 397 2776 oblectamenta,
426 2699 524 2760 totam
552 2697 692 2779 requiem
715 2697 747 2761 in
771 2697 859 2761 illam
881 2697 1021 2760 futuram
1043 2697 1177 2778 patriam
1199 2715 1300 2760 reser-

162 2817 269 2864 uemus
297 2803 329 2864 et
357 2799 518 2864 libertates
542 2819 577 2864 ac
600 2800 811 2883 praesentium
835 2800 1010 2865 inlecebras
1031 2799 1095 2885 (ao)
1117 2800 1299 2882 cupiditates

161 2903 335 2969 futurorum
357 2905 517 2968 desideriis
541 2922 728 2986 occupemus
752 2906 827 2970 illuc
849 2904 961 2969 cotidie
985 2905 1190 2987 suspirantes,
1221 2905 1297 2969 illuc

161 3009 242 3072 cordi
253 3013 360 3074 nostro
373 3011 539 3074 momentis
552 3010 697 3075 omnibus
709 3013 958 3093 praesentantes,
975 3010 1071 3091 quod
1083 3010 1211 3073 oculus
1227 3028 1299 3074 non

161 3113 253 3176 uidit
275 3131 342 3177 neo
364 3114 465 3177 auris
489 3115 646 3194 audiuit,
671 3114 747 3178 illud
771 3114 838 3178 siue
862 3114 1095 3178 intermissione
1112 3114 1297 3197 cogitantes,
1324 3140 1352 3181 aa

161 3217 311 3298 quomodo
346 3218 439 3301 digne
477 3236 675 3282 occurremus
711 3217 749 3282 ad
786 3218 876 3282 illum
911 3217 1083 3282 secundum
1118 3217 1298 3281 tremendae

161 3322 330 3386 maiestatis
358 3323 528 3387 aduentum
556 3324 708 3388 rationem
737 3323 774 3386 de
802 3322 934 3402 actibus,
963 3323 1001 3387 de
1029 3321 1235 3402 sermonibus,
1260 3321 1297 3386 de

160 3426 398 3509 cogitationibus
421 3427 581 3508 reddituri,
609 3428 654 3491 ita
677 3430 817 3511 agentes,
844 3427 888 3492 ita
909 3428 942 3491 in
968 3427 1036 3491 loco
1058 3429 1297 3508 perseuerantes

160 3531 247 3611 quasi
275 3531 387 3595 cotidie
415 3532 452 3594 de
480 3531 538 3595 hac
566 3532 631 3596 uita
657 3531 826 3594 transituri.
874 3548 891 3595 0
914 3531 979 3594 dies
1007 3530 1128 3594 dierum
1155 3530 1296 3595 omnium

160 3635 290 3715 nouitas,
313 3635 436 3700 lucrum
458 3635 537 3700 lucis
562 3639 592 3699 et
607 3636 802 3718 dispendium
826 3636 994 3715 caecitatis,
1016 3635 1127 3716 inquo
1150 3638 1296 3700 aeternus
1323 3661 1350 3702 ao

260 3833 306 3902 11]
327 3835 339 3888 1
361 3832 419 3888 eor.
433 3835 456 3901 1,
470 3837 494 3889 o.

201 4008 351 4078 loperatio
369 4009 476 4078 seipsi,
494 4011 605 4078 operatifll
623 4011 653 4064 D
717 4009 820 4064 5uliut
837 4010 867 4064 D
934 4011 966 4065 13
984 4009 1040 4062 uita
1058 4009 1088 4064 D
1159 3973 1297 4062 11οέἓοῦ

159 4093 294 4148 solidisma
311 4095 341 4150 D
395 4100 425 4151 15
442 4096 577 4150 emitando
591 4097 620 4152 D
666 4099 698 4153 lu
715 4098 826 4168 emitare
845 4094 1058 4167 qmitabimnrD
1112 4097 1144 4150 17
1161 4093 1251 4146 seculi
1267 4095 1297 4150 D

160 4207 191 4263 11
208 4169 362 4262 antioona
380 4209 410 4263 n
462 4211 495 4265 11
515 4225 545 4263 ao
563 4211 670 4278 111111,
688 4227 739 4264 om.
753 4208 783 4263 n
835 4211 869 4264 11
887 4207 984 4279 ociore
1004 4209 1034 4262 n
1107 4209 1142 4263 11
1160 4173 1249 4260 oculs
1268 4208 1298 4262 1>

159 4295 189 4349 25
207 4311 283 4348 aures
302 4296 332 4350 D
392 4297 425 4350 26
443 4296 580 4350 tremende
598 4299 628 4352 D
688 4297 722 4352 29
741 4294 854 4350 cotidiae
872 4296 902 4351 D
959 4295 1049 4348 odies
1068 4297 1149 4364 Aoq,
1166 4292 1251 4347 bodie
1267 4293 1297 4349 D

159 4382 190 4436 30
212 4383 340 4450 {econius
358 4383 388 4438 D
404 4383 463 4452 (diu
480 4385 512 4438 iot
528 4385 596 4450 rus.)
