3100 4892
245 424 310 490 242
695 427 760 482 IIII.
780 427 890 482 Sermo
907 432 932 484 5.

242 601 354 681 bonus,
378 601 431 683 qui
452 601 549 666 habes
565 601 657 668 bonu.
682 601 783 668 bonae
798 606 873 668 sunt
894 602 1034 683 diuitiae,
1056 602 1175 667 benum
1198 605 1248 666 est
1263 619 1388 680 aurum,

242 706 361 771 bonum
377 710 409 770 et
424 711 599 790 argentum,
622 707 723 772 bonae
738 708 886 789 familiae,
908 708 1006 773 bonne
1022 709 1248 791 possessiones.
1280 708 1390 772 omnia

242 811 303 876 ista
326 810 408 876 bena
430 815 519 893 sunt,
546 813 601 876 sed
628 813 710 879 unde
738 813 835 878 sanias
862 813 951 878 bene.
985 813 1098 878 habete
1126 812 1219 894 bona,
1246 830 1328 894 quae
1356 815 1388 875 te

243 916 363 982 iaciunt
377 916 506 998 benum,
522 935 601 999 quae
618 921 650 982 te
664 918 787 982 faciunt
801 917 931 982 malum.
966 936 1045 999 quae
1061 921 1145 997 sunt,
1166 917 1282 998 inquis,
1302 917 1388 980 iste?

203 1047 216 1086 e
241 1021 292 1086 iae
303 1021 454 1086 iudicium
465 1025 498 1085 et
512 1022 674 1088 iustitiam.
691 1022 773 1088 bene
786 1027 869 1103 sunt,
885 1041 964 1105 quae
979 1022 1087 1086 babes.
1104 1025 1173 1086 este
1183 1025 1217 1086 et
1230 1025 1266 1085 tu
1283 1021 1388 1086 benus

241 1125 323 1189 inter
339 1125 421 1189 bona
436 1129 499 1190 tua.
532 1125 680 1191 erubeseo
696 1127 787 1191 benis
809 1127 885 1207 tuis,
907 1125 971 1191 nuli
993 1145 1062 1192 esse
1086 1127 1189 1190 malus
1211 1126 1245 1190 in
1266 1127 1323 1206 eis,
1348 1144 1388 1189 ne

242 1248 352 1313 pereas
375 1248 447 1294 uum
471 1230 525 1294 eis.
557 1230 604 1294 ita
626 1249 699 1314 erge
723 1249 835 1295 aurum
858 1235 890 1295 et
912 1235 1077 1314 argentum
1101 1230 1263 1295 distribuit
1283 1230 1388 1294 hemi·

242 1334 334 1398 nibus
363 1334 501 1398 conditor
528 1353 634 1399 rerum
662 1338 692 1398 et
715 1335 949 1398 administratur
972 1335 1059 1414 deus,
1086 1339 1123 1398 ut
1144 1334 1250 1417 ipsum
1272 1352 1329 1416 per
1353 1351 1387 1397 se

242 1441 353 1502 nutura
380 1442 411 1502 et
436 1457 551 1521 genere
574 1457 629 1503 sue
653 1438 770 1503 benum
794 1440 845 1518 sit,
872 1439 962 1521 eopia
983 1455 1058 1503 uere
1081 1439 1147 1502 eius
1170 1456 1234 1502 nun
1256 1438 1388 1502 extollat

192 1569 217 1608 n
243 1543 340 1606 bones
357 1561 414 1606 nee
429 1541 524 1607 elidat
542 1543 654 1626 inopia.
693 1543 793 1608 malos
809 1547 925 1623 eutem,
948 1562 1021 1607 eum
1043 1541 1174 1606 effertur
1195 1543 1252 1622 eis,
1275 1559 1387 1606 exeae-

243 1652 294 1710 eet
316 1650 357 1727 et,
381 1664 453 1712 eum
476 1647 625 1728 aufertur,
650 1648 814 1727 excrutiet,
842 1648 914 1728 quia
937 1651 979 1727 et,
1007 1665 1079 1711 uum
1102 1647 1308 1729 adquiruntur
1330 1665 1387 1728 pe-

243 1751 363 1832 uuniee,
394 1750 507 1815 falsam
531 1749 673 1816 tribuunt
703 1751 855 1816 laetitiam
884 1755 927 1831 et,
957 1770 1030 1816 uum
1060 1752 1245 1833 perduntur,
1275 1769 1386 1814 ueram

242 1854 404 1920 tristitiam
428 1854 656 1937 derelinquunt.

287 1959 455 2024 Disoamus
484 1977 556 2043 ergo
584 1978 689 2025 amare
716 1978 808 2024 ueras
835 1960 978 2040 diuitias,
1008 1960 1041 2024 id
1069 1963 1117 2024 est
1143 1960 1322 2023 easdtatem
1355 1963 1388 2022 et

193 2089 217 2130 ιι
243 2064 395 2129 iustitiam
426 2067 458 2128 et
486 2082 596 2146 pacem
620 2068 652 2128 et
682 2064 936 2129 misericordiam.
971 2064 1051 2128 istae
1081 2064 1208 2127 diuitiae
1239 2062 1386 2126 dicuntur

244 2169 354 2248 iustae,
382 2169 455 2250 quia
477 2167 566 2232 bonis
590 2169 708 2232 meritis
732 2168 886 2250 iustisque
908 2167 1099 2248 tribuuntur,
1125 2168 1197 2232 iliae
1220 2185 1313 2230 uerae
1337 2167 1385 2230 di·

244 2277 358 2338 euntur
380 2273 515 2352 diuitiae,
547 2273 628 2354 qnia,
657 2273 788 2353 quisque
810 2290 864 2336 eas
887 2272 1041 2352 habuerit,
1072 2290 1134 2336 nen
1162 2270 1289 2355 egebit„
1307 2271 1384 2336 dum

244 2379 328 2442 iuxta
352 2378 528 2460 apostolum
558 2375 679 2440 habene
702 2376 823 2441 uietum
853 2381 885 2441 et
906 2377 1131 2442 uestimentum
1153 2376 1190 2440 iis
1217 2378 1384 2440 contentus

245 2485 301 2546 est.
347 2481 424 2546 istas
447 2499 519 2564 ergo
542 2481 668 2544 diuitias
695 2483 836 2544 terrenas
863 2480 1017 2546 iniustum
1039 2485 1089 2545 est
1114 2483 1223 2564 putare
1246 2480 1384 2560 diuitias,

193 2611 219 2650 se
245 2604 324 2667 quae
352 2602 413 2649 non
437 2585 583 2650 auserunt
606 2587 788 2669 egestatem.
833 2589 921 2650 tante
944 2586 1030 2649 enim
1057 2586 1159 2668 magis
1182 2585 1314 2667 quisque
1337 2603 1386 2648 ar·

245 2689 331 2754 debit
360 2693 509 2773 egestate,
540 2693 656 2771 quante
687 2690 787 2773 magis
817 2690 966 2754 auaritiae
997 2707 1050 2754 eas
1077 2690 1210 2772 diligens
1240 2688 1386 2753 habuerit

245 2795 386 2858 maiues.
436 2793 589 2875 quomedo
625 2811 697 2877 erge
732 2797 808 2858 sunt
841 2793 985 2874 diuitiae,
1020 2792 1135 2876 quibus
1172 2792 1385 2858 crescentibus

246 2899 357 2962 erescit
379 2898 492 2981 inopia,
515 2916 595 2980 quae
618 2898 811 2962 amatoribus
835 2899 911 2977 suis,
934 2902 1087 2980 quantum
1109 2898 1227 2963 fuerint
1241 2899 1384 2978 maiores,

246 3019 308 3066 non
339 3002 485 3066 adierunt
514 3003 709 3082 satietatem,
745 3003 800 3066 sed
834 3001 1033 3067 inflammant
1065 3002 1295 3085 rapiditatem?
1341 3002 1386 3066 di·

193 3130 219 3170 ss
246 3107 343 3171 uitem
367 3111 402 3171 tu
424 3109 527 3189 putee,
556 3107 607 3188 qui
631 3107 735 3171 minus
758 3107 923 3190 indigeret,
951 3108 1105 3170 siminus
1132 3107 1273 3186 baberet,
1302 3107 1384 3169 unde

246 3210 326 3276 bene
349 3210 425 3274 dixit
447 3209 590 3292 quidam:

268 3350 405 3414 erescit
428 3368 527 3415 amor
551 3349 704 3430 numini,
729 3354 909 3432 quantum
932 3351 1013 3434 ipsa
1034 3351 1192 3435 peeunie
1216 3351 1362 3415 erescit.

171 3569 174 3578 .
247 3505 318 3551 uum
341 3489 491 3572 pecuniae
515 3487 599 3552 enim
621 3489 813 3553 incremento
836 3488 938 3554 rabies
953 3489 1131 3574 cupiditatis
1147 3495 1287 3574 augetur.
1311 3508 1382 3554 nam

351 3660 395 3728 18]
417 3661 430 3716 1
451 3659 519 3714 Tim.
533 3662 558 3723 6,
571 3661 595 3716 8.
649 3660 695 3729 27]
714 3659 808 3715 quen.
823 3658 863 3727 1¹4,
878 3663 934 3718 139.

292 3825 393 3883 lbone
412 3826 441 3880 D
458 3827 558 3894 abique
609 3826 682 3894 eet]
701 3829 742 3879 est
760 3829 830 3896 Any.
890 3825 1001 3896 3bene]
1020 3843 1074 3881 nen
1093 3844 1159 3896 quae
1177 3832 1204 3883 te
1221 3829 1322 3884 saniant
1338 3827 1383 3882 be

247 3929 312 3968 nuru
324 3913 388 3968 add.
402 3914 473 3982 Aue.
509 3910 645 3967 habitoD
682 3914 761 3981 tque
774 3913 996 3984 Datroqaeteeo
1032 3915 1237 3983 quae-mnium
1248 3935 1299 3972 esa.
1312 3916 1382 3987 Arae.

247 4003 264 4054 6
282 3999 346 4069 tuis]
366 4003 422 4052 este
440 3998 525 4052 benus
545 4014 687 4052 mansurus
704 3999 775 4053 inter
793 3998 863 4053 bona
880 4001 1006 4069 peritura.
1025 4000 1149 4056 erubeseo
1166 4001 1244 4058 benis
1256 4003 1309 4057 tuis
1320 4003 1383 4058 add.

246 4088 318 4158 Aue.
385 4085 513 4154 egenen
535 4086 565 4139 D
629 4086 684 4139 eius
706 4089 788 4158 Areu,
808 4087 872 4142 BD
937 4091 969 4144 10
991 4087 1384 4160 efferturda9.,effe1turD

249 4202 278 4256 ιι
299 4202 404 4254 excecat
421 4200 450 4253 n
504 4201 536 4254 12
549 4165 695 4253 endu>
745 4199 875 4254 retinen
929 4203 961 4256 15
979 4201 1072 4256 ister)
1125 4203 1158 4257 le
1175 4202 1286 4258 insen
1336 4201 1382 4255 ei-

246 4285 348 4341 buntur
374 4288 403 4341 D
473 4285 517 4339 ille
545 4301 604 4339 uere
631 4285 661 4340 D
735 4288 767 4342 18
794 4287 946 4355 apostoloni
972 4289 1002 4342 D
1076 4288 1176 4342 babens
1201 4307 1336 4359 suprascr.
1355 4289 1382 4342 D

247 4372 299 4425 hiis
319 4373 347 4426 D
399 4376 429 4428 21
452 4372 579 4426 auaritiae
594 4379 657 4441 post
675 4376 791 4440 egestate
809 4375 887 4428 babet
903 4377 973 4444 Aaou.
1028 4375 1162 4430 tefuerit
1180 4378 1210 4430 D
