3100 4892
256 429 298 492 26
716 428 737 483 I.
757 431 801 483 De
820 430 927 498 gratia

255 588 366 669 inquit,
390 589 471 653 uult
494 591 578 671 post
600 608 655 652 me
679 588 820 669 uenire,
853 587 1013 671 abneget
1043 608 1080 653 se
1108 588 1230 671 ipsum
1258 588 1332 653 sibi
1359 592 1392 652 et

256 692 369 757 tollat
391 712 536 756 crucem
559 710 661 756 snam
686 696 722 756 et
737 695 915 781 sequatur
931 712 1000 773 me,
1023 693 1082 756 hoo
1098 696 1146 756 est
1161 694 1281 757 dicere:
1306 711 1392 757 meae

254 796 464 861 miserationis
488 800 546 876 est,
569 800 606 860 nt
627 797 756 877 noceria,
781 797 836 860 sed
860 800 932 860 tuae
948 797 1103 861 uoluntati
1119 798 1311 861 conmissum
1335 800 1392 876 est,

254 904 290 963 ut
313 901 461 981 sequaris.

216 1036 228 1073 e
299 1003 467 1068 Uideamns
495 1006 522 1068 si
547 1024 602 1088 per
625 1005 723 1069 otium
752 1006 791 1069 ad
819 1024 852 1069 se
880 1006 993 1069 inuitat
1022 1006 1181 1069 hominem
1208 1006 1294 1069 dens.
1333 1004 1393 1069 ab·

253 1112 377 1192 neget,
400 1109 512 1191 inquit,
536 1128 574 1172 se
596 1110 719 1192 ipsum
742 1110 830 1191 sibi,
858 1110 971 1190 idest,
1003 1110 1055 1191 qui
1086 1111 1188 1173 malus
1217 1113 1265 1173 est
1292 1109 1391 1173 bonus

254 1231 323 1275 esse
350 1213 516 1277 contendat
546 1218 577 1277 et
606 1213 786 1296 supplicans
817 1214 917 1277 dicat:
952 1218 988 1277 et
1018 1233 1058 1277 en
1088 1214 1285 1277 uoluntate
1315 1232 1393 1277 mea

254 1317 465 1380 confitebor
487 1317 555 1381 illi.
587 1317 712 1382 iubetur
728 1319 939 1399 unusquisque
956 1336 991 1381 en
1007 1317 1170 1382 uoluntate
1187 1317 1337 1399 conuerti,
1353 1337 1391 1381 ne

253 1423 395 1502 peccator
411 1421 543 1485 fortasse
559 1421 702 1504 desperet
724 1422 756 1485 in
779 1422 889 1485 melius
913 1440 946 1485 se
969 1439 1061 1504 posse
1084 1421 1210 1485 mutari.
1241 1422 1272 1485 si
1295 1420 1391 1503 quis,

204 1556 228 1594 10
253 1524 365 1605 inquit,
388 1525 470 1587 nult
491 1529 578 1607 post
599 1544 654 1589 me
677 1525 818 1604 uenire,
846 1524 1009 1609 abneget
1036 1544 1073 1589 se
1101 1526 1222 1608 ipsum
1250 1524 1337 1605 sibi,
1360 1524 1391 1588 id

253 1630 317 1706 est,
348 1628 427 1691 alter
457 1628 609 1691 efficiatur
643 1648 679 1691 en
713 1630 819 1693 altero.
864 1630 1018 1711 patientia
1051 1629 1156 1692 uineat
1188 1628 1391 1709 iracundiam,

252 1732 460 1813 temperantia
473 1733 608 1795 refrenet
623 1733 917 1815 concupiscentiam,
941 1733 1104 1797 humilitas
1125 1732 1269 1796 exturbet
1284 1752 1392 1815 super-

251 1834 347 1915 biam,
371 1854 445 1899 crux
467 1840 608 1900 conterat
630 1837 835 1919 uoluptatem.
874 1838 941 1919 quis
964 1837 1041 1900 haec
1065 1838 1131 1900 sine
1154 1836 1260 1901 labore
1280 1835 1390 1917 cordio,

252 1940 319 2003 sine
343 1939 516 2004 adflictione
539 1942 652 2020 carnia,
676 1941 743 2004 sine
760 1959 875 2024 magno
890 1942 1026 2005 hominis
1043 1943 1205 2022 utriusque
1221 1940 1391 2004 luctamine

203 2074 227 2111 a
253 2044 419 2107 dormienti
450 2043 509 2107 sibi
536 2063 591 2127 per
618 2045 718 2109 solam
747 2045 881 2128 gratiam
912 2046 1057 2109 aestimet
1087 2045 1294 2108 conferenda?
1333 2042 1391 2107 ab·

253 2152 364 2230 neget
387 2167 424 2211 se
446 2148 567 2229 ipsum
590 2148 676 2229 sibi,
699 2149 758 2213 hoe
781 2153 829 2213 est
851 2149 969 2227 dicere:
994 2166 1012 2212 o
1035 2149 1138 2228 homo,
1162 2166 1224 2213 non
1246 2152 1337 2229 putes
1360 2152 1390 2211 te

252 2252 296 2315 ita
319 2251 357 2315 ab
381 2255 506 2317 auctore
528 2256 582 2318 tuo
606 2252 775 2333 conditum,
800 2256 835 2316 ut
857 2253 894 2315 de
917 2252 1023 2333 iniquo
1046 2254 1157 2332 iustus,
1182 2252 1218 2315 de
1234 2252 1390 2315 luxurioso

252 2359 368 2436 castus,
400 2356 439 2419 de
465 2357 613 2420 maliuolo
635 2356 792 2439 benignus
816 2376 883 2419 esse
906 2374 968 2420 non
992 2356 1101 2439 possis.
1141 2356 1222 2437 quod
1251 2359 1288 2419 nt
1318 2374 1391 2419 con·

252 2460 340 2540 sequi
363 2460 479 2540 ualeas‚
503 2480 564 2525 non
587 2461 706 2524 iectura
732 2461 764 2524 in
792 2465 823 2524 te
847 2464 895 2525 est
918 2460 1079 2539 mutanda,
1110 2459 1164 2523 sed
1192 2459 1267 2522 nita.
1306 2477 1389 2522 nnnc

200 2598 226 2636 ,ο
251 2565 313 2627 ista
342 2564 478 2628 dicentes
508 2583 571 2628 non
601 2564 740 2629 laborem
770 2565 890 2647 gratiae
921 2582 1145 2645 coaequamus,
1178 2562 1232 2626 sed
1264 2563 1389 2626 omnino

251 2668 387 2751 gratiam
410 2668 476 2731 sine
499 2668 730 2750 comparatione
753 2668 982 2751 praeponimus.

769 2859 873 2923 VIIII.

252 3002 403 3051 QUOMODO
426 3002 690 3044 INTELLEGBNDUN
713 3002 775 3043 sm:
805 3003 867 3043 NON
894 3002 1046 3043 UOLENTIS
1073 3002 1178 3050 NEQUE
1206 3000 1389 3061 CURREN'PIS,

252 3090 311 3129 SED
334 3088 521 3130 Mosconnum
544 3090 601 3130 nst*
624 3090 691 3148 Dm,
717 3089 780 3131 UEL
803 3090 912 3131 lunum:
940 3088 1001 3129 NON
1024 3088 1097 3129 Ulcnt
1122 3088 1246 3131 Uoonnn
1270 3087 1389 3148 lnsr08,

200 3186 225 3225 25
521 3176 580 3217 sm>
603 3176 802 3218 Pnccaronns
826 3178 857 3217 lN
879 3175 1123 3217 Pannrrlcnnrnm.

295 3292 354 3357 Sed
377 3292 470 3357 dicis:
501 3294 533 3356 in
563 3296 687 3357 tantum
710 3293 789 3357 nihil
813 3298 861 3357 est
882 3293 1030 3372 hominis,
1061 3293 1115 3356 sed
1143 3296 1244 3356 totum
1267 3294 1387 3376 gratiae

252 3397 310 3475 dei,
326 3400 362 3460 ut
376 3397 535 3479 apostolus
551 3397 650 3461 dicat:
675 3416 745 3461 non
760 3398 926 3461 uolentis
943 3416 1060 3477 neque
1083 3398 1285 3477 currentia,
1310 3397 1390 3460 sicut

252 3500 329 3564 sibi·
343 3505 469 3584 arrogat
494 3501 628 3565 Iudaeus
660 3520 696 3564 en
725 3502 794 3584 lege
825 3501 876 3565 uel
906 3501 1053 3583 Pelagius
1084 3520 1119 3564 en
1150 3500 1241 3564 liberi
1271 3498 1390 3564 arbitrii

250 3606 514 3688 praesumptione,
545 3606 599 3669 sed
629 3606 702 3669 licet
729 3622 801 3669 cum
828 3604 962 3669 hominis
986 3605 1136 3668 seruitute
1160 3608 1261 3668 totum
1284 3608 1390 3669 tamen

199 3744 225 3783 eo
252 3710 467 3774 miserentis
491 3714 547 3773 est
569 3709 643 3789 dei,
678 3727 749 3772 non
777 3708 942 3772 nolentis
966 3727 1082 3788 neque
1105 3708 1301 3772 currentis.
1340 3708 1391 3771 hic

250 3812 339 3876 iilum
362 3814 520 3877 euidenter
543 3798 632 3876 notat
655 3816 686 3876 et
709 3814 822 3896 arguit,
845 3812 897 3894 qui
914 3812 1014 3876 solnm
1031 3832 1065 3875 se
1081 3812 1141 3876 sibi
1157 3812 1299 3877 sufficere
1323 3813 1391 3876 sine

356 3967 384 4035 a]
403 3966 502 4021 osam.
521 3969 563 4030 aa,
577 3970 601 4021 r.
655 3966 701 4035 aa]
720 3966 796 4021 nom.
816 3970 840 4029 o,
855 3968 895 4021 ro.

294 4110 310 4161 3
329 4106 461 4161 uoluntati
473 4108 586 4175 correxi,
601 4104 747 4159 uoluntatis
760 4108 823 4161 Pet
835 4124 851 4162 o
898 4110 913 4161 8
927 4106 1123 4174 unnsquisquae
1136 4106 1163 4159 P
1209 4110 1225 4161 9
1239 4105 1354 4175 disparet
1366 4106 1394 4160 P

252 4194 284 4248 14
310 4194 464 4261 utriusquae
487 4195 514 4248 P
589 4195 621 4247 16
643 4196 702 4261 ptos
724 4193 752 4246 P
827 4195 858 4247 17
881 4192 1011 4245 luxorioso
1034 4194 1061 4246 P
1130 4195 1163 4247 20
1186 4206 1343 4259 coequemur
1367 4192 1395 4246 P

251 4282 284 4333 23
307 4280 427 4334 uolentes
449 4280 476 4334 P
527 4294 627 4347 nequae
646 4280 673 4333 P
733 4282 767 4335 25
790 4278 954 4347 paenitentia
972 4280 999 4333 P
1051 4282 1083 4334 27
1103 4294 1203 4347 nequae
1221 4280 1249 4332 P
1299 4280 1332 4334 28
1351 4278 1392 4330 iu-

253 4366 332 4418 daeos
350 4368 391 4420 P¹
443 4370 478 4421 29
496 4370 580 4419 totam
600 4366 627 4420 P
