3100 4892
236 432 279 495 36
700 432 721 485 I.
740 432 786 485 Dc
804 432 912 500 gratia

237 609 286 670 est
308 606 487 689 deputanda
509 607 673 691 perfectio,
696 608 784 671 cuius
808 607 890 673 dona
912 608 964 671 ille
987 608 1072 672 solus
1096 626 1158 671 non
1183 606 1308 685 babuit,
1332 605 1382 687 qui

239 728 365 775 seruare
385 712 532 795 neglexit.
563 729 638 776 nam
658 715 689 776 et
708 712 761 775 ille
782 729 891 776 seruus
915 730 948 775 se
972 713 1126 793 accepisse
1150 712 1307 795 cognouit,
1330 710 1382 792 qui

237 815 442 881 commissum
465 816 526 880 sibi
548 817 704 881 talentum
728 818 853 901 negotio
876 817 986 881 salutis
1002 817 1160 901 duplicare
1183 817 1382 901 contempsit,

236 920 292 984 sed
314 923 415 985 terrae
430 921 534 1004 potius
557 921 619 986 otio
642 922 812 1006 languente
836 922 1008 986 mandauit.
1040 922 1095 986 sed
1111 925 1143 987 et
1158 920 1232 987 Saul
1248 922 1382 1005 gratiam

197 1050 211 1091 s
237 1025 287 1090 dei
309 1042 329 1089 a
351 1024 496 1090 Samuele
518 1029 632 1090 unctus
655 1026 775 1110 accepit
791 1029 823 1090 et
838 1026 1086 1091 munificentiam
1103 1026 1271 1110 specialem
1294 1044 1383 1110 rege-

236 1130 361 1212 lemque
384 1129 558 1213 potentiam
581 1130 640 1194 sub
664 1131 839 1195 conditione
862 1130 931 1211 hac,
954 1150 994 1195 ne
1017 1150 1036 1195 a
1058 1132 1232 1215 praeceptis
1256 1130 1306 1194 dei
1328 1132 1381 1195 de·

236 1234 377 1314 minaret,
408 1234 554 1299 obtinuit.
594 1238 626 1299 et
655 1236 711 1317 qui
736 1236 823 1300 lucos
853 1239 885 1300 et
911 1236 985 1300 fane
1007 1254 1079 1299 cum
1103 1236 1293 1319 pythonibus
1318 1236 1381 1299 suis

236 1339 385 1423 magistro
409 1339 571 1404 sacerdote
594 1340 802 1421 subuerterat,
828 1340 977 1404 ‘defuncto
1000 1340 1109 1405 eodem
1133 1359 1205 1404 cum
1230 1340 1382 1424 magistro

235 1444 331 1507 fidem
353 1443 489 1526 perdidit
511 1448 543 1508 et
566 1444 605 1507 ad
624 1445 828 1527 pythonissae
851 1444 1054 1527 postmodum
1074 1462 1225 1527 responsa
1240 1444 1383 1509 fallentia

185 1574 210 1612 ro
237 1536 424 1629 conuolauit,
455 1550 509 1630 qui
536 1567 569 1611 se
600 1549 639 1613 ad
666 1550 761 1613 deum
788 1550 942 1631 pertinere
969 1550 1108 1633 potuisse
1133 1550 1286 1614 idolorum
1310 1549 1382 1613 sub-

237 1653 381 1717 uersione
405 1656 645 1717 monstrauerat.

782 1826 837 1891 XI.

238 1968 360 2011 coum
383 1970 491 2012 EORUM
514 1970 644 2029 ΒΕΝΕΠΜ,
678 1972 732 2019 QUI
754 1970 882 2029 DICUNT,
906 1970 990 2019 Quor>
1019 1970 1079 2013 ΗΑΒ
1103 1970 1133 2012 ΙΝ
1157 1970 1382 2013 couruuunth

370 2057 432 2098 NON
454 2056 561 2098 Possru
583 2057 786 2115 ADSURGERB,
809 2058 850 2099 U‘l'
874 2058 922 2098 Sl‘l'
945 2057 1005 2099 ΗΑΒ
1029 2059 1061 2097 IN
1084 2058 1245 2100 nodosum.

186 2201 211 2240 rs
282 2174 380 2238 Aiunt
398 2193 455 2238 uas
471 2175 681 2240 contumeliae
703 2175 736 2238 in
759 2192 816 2238 uas
840 2175 966 2239 honoris
991 2176 1123 2239 transire
1143 2194 1206 2241 non
1221 2194 1313 2260 posse
1336 2195 1381 2256 oo,

239 2279 321 2361 quod
344 2279 457 2343 dixerit
479 2280 656 2363 apostolus:
684 2297 729 2343 an
758 2298 829 2343 non
852 2279 966 2344 habet
988 2284 1217 2361 potestatem
1240 2282 1382 2364 figulus

239 2385 312 2448 luti
334 2402 375 2447 ex
398 2386 525 2448 eadem
541 2402 665 2449 massa
679 2385 804 2449 facere
821 2384 923 2449 aliud
939 2404 1003 2448 uas
1020 2386 1056 2450 in
1072 2385 1258 2466 honorem,
1283 2385 1382 2449 aliud

239 2506 327 2552 uero
349 2489 386 2552 in
409 2490 699 2554 contumeliam?
730 2490 871 2554 hocloco
887 2490 1109 2571 praecedentes
1125 2508 1246 2571 causae,
1271 2490 1382 2572 quibus

239 2594 291 2657 uel
312 2594 345 2657 in
368 2594 519 2658 honorem
548 2595 596 2657 uel
624 2595 657 2657 in
685 2595 908 2658 contumeliam
935 2596 1028 2659 homo
1058 2599 1207 2676 transeat,
1239 2596 1384 2659 conclusa

188 2722 214 2761 ao
240 2698 412 2761 elocutione
440 2699 623 2781 suppressit.
662 2716 736 2762 nam
766 2717 839 2762 cum
866 2699 959 2763 homo
987 2718 1042 2781 per
1065 2700 1200 2783 gratiam
1223 2719 1291 2764 esse
1315 2718 1383 2764 coe-

239 2802 320 2885 perit
342 2820 398 2866 uas
421 2802 556 2881 honoris,
580 2802 809 2885 inuigilendum
842 2808 899 2882 est,
928 2808 962 2868 ut
990 2808 1135 2886 acceptus
1159 2804 1257 2869 honor
1280 2805 1384 2868 diuina

240 2906 455 2987 cooperatione
479 2911 630 2987 seruetur,
655 2927 694 2971 ne
718 2908 892 2989 adquisitus
920 2907 1013 2971 homo
1040 2908 1240 2990 postmodum
1267 2910 1300 2972 in
1327 2928 1383 2972 uas

240 3009 449 3087 contumeliae
472 3010 563 3094 culpa
586 3012 755 3075 exsistente
780 3016 929 3076 uertatur.
970 3012 1052 3093 quod
1080 3016 1186 3076 autem
1210 3014 1317 3077 dicunt
1345 3013 1382 3077 ab

241 3114 368 3178 ineunte
399 3119 500 3179 aetate
532 3116 732 3197 praefinitum
767 3118 799 3180 in
830 3116 941 3181 melius
973 3135 1034 3181 non
1064 3135 1155 3199 posse
1185 3118 1302 3181 mutari
1333 3117 1384 3181 de-

189 3245 215 3285 as
241 3219 390 3283 terionem
412 3220 547 3283 hominis
571 3224 699 3301 statum,
723 3222 782 3285 hoc
805 3221 867 3285 illic
890 3222 1033 3285 futurum
1055 3222 1190 3286 creditur
1213 3226 1285 3304 post
1300 3223 1383 3285 uitae

240 3323 333 3388 huius
357 3342 528 3405 excessum,
552 3326 605 3389 ubi
628 3326 692 3389 iam
716 3345 773 3389 nec
797 3326 973 3390 emendatio
988 3346 1045 3391 nec
1062 3327 1193 3390 mutatio
1210 3328 1278 3407 erit,
1302 3326 1384 3409 apud

240 3428 366 3492 inferos.
405 3433 544 3493 ceterum
568 3429 720 3511 usquein
743 3430 839 3494 finem
868 3434 899 3493 et
922 3431 960 3494 ad
983 3431 1134 3494 iustitiam
1158 3431 1291 3495 mansino
1315 3450 1384 3515 pes·

242 3533 313 3595 simi
341 3536 373 3596 et
397 3534 571 3614 periculum
599 3538 731 3617 possunt
761 3536 871 3598 timere
902 3536 1046 3617 perfecti,
1077 3536 1159 3599 sicut
1188 3536 1321 3619 legimus
1352 3537 1383 3599 in

241 3636 342 3719 primo
365 3636 505 3721 Regum:
537 3639 600 3719 qui
621 3639 845 3721 glorificant
867 3658 937 3719 me,
965 3638 1188 3723 glorificabo
1217 3657 1291 3721 eos,
1324 3640 1385 3721 qui

190 3767 215 3806 so
242 3745 366 3805 autem
382 3746 628 3807 contemnunt
647 3763 717 3824 me,
741 3747 850 3807 erunt
873 3744 1069 3828 ignobiles.
1100 3762 1196 3826 quare
1213 3726 1271 3809 iste
1287 3744 1385 3809 hono·

348 3880 392 3950 re]
411 3880 487 3935 eom.
502 3885 527 3947 e,
540 3884 581 3937 21.
636 3882 682 3951 ne]
703 3885 717 3937 1
736 3881 802 3951 aeg.
815 3885 840 3948 2,
853 3885 894 3939 eo.

286 4012 485 4067 3conmissum
505 4014 532 4067 P
578 4017 608 4116 Ι5
626 4012 762 4067 samuhele
782 4014 809 4068 P
870 4013 1055 4083 regalemqnae
1073 4014 1113 4103 Ρ,
1153 4010 1387 4083 iphitonibusP

242 4124 424 4194 9phitonisae
443 4126 470 4180 P
539 4124 650 4180 selentia
673 4128 701 4181 P
770 4130 803 4182 10
826 4125 996 4182 subuertione
1016 4129 1044 4183 P
1118 4130 1150 4183 13
1169 4144 1260 4183 eorum
1278 4130 1385 4197 scripsi,

243 4229 303 4265 eum
322 4214 350 4266 P
402 4211 501 4267 dicito
553 4216 588 4268 20
605 4213 771 4269 locationec
823 4215 987 4284 suppraessit
1004 4215 1031 4269 P
1082 4218 1115 4272 25
1134 4215 1198 4270 illuc
1212 4216 1239 4270 P
1289 4218 1323 4271 27
1342 4232 1385 4268 ns-

243 4315 310 4368 quae
328 4300 356 4352 P
406 4302 440 4356 28
458 4300 487 4354 in
505 4300 592 4369 primo
605 4300 709 4369 Regum
727 4303 835 4371 scripsi,
854 4302 881 4355 in
900 4318 993 4371 regum
1012 4304 1046 4371 P,
1064 4321 1144 4359 cuce
1197 4306 1230 4359 30
1249 4306 1385 4372 centemp-

244 4389 313 4440 nunt
332 4386 359 4440 P
