3100 4892
233 393 275 459 56
696 394 717 448 I.
737 394 782 447 De
801 394 909 462 gratia

233 589 350 652 neque
380 589 444 652 per
479 571 602 654 ignem
635 568 863 634 inmunditia
895 573 959 634 tua
990 568 1248 651 exsecrabilis,
1287 570 1373 651 quia

232 674 409 738 mundare
432 678 468 739 te
490 674 593 738 uolui
617 678 652 738 ot
675 692 745 738 nou
773 692 810 737 es
839 673 1014 737 mundata
1041 692 1059 737 a
1084 673 1261 739 sordibus
1288 675 1369 737 tuis.

233 796 303 842 eeoe
333 778 409 843 deus
440 779 600 843 homiuem
630 796 691 842 uon
722 778 824 843 solum
856 778 970 843 saluari
1001 781 1100 861 optat,
1136 779 1190 842 sed
1219 795 1276 861 pro
1307 778 1371 841 eius

230 883 417 966 purgatione
445 883 544 947 multo
571 883 678 947 labore
705 883 846 946 desudat.
893 900 982 965 porro
1005 901 1061 965 pro
1087 882 1207 947 ratione
1233 882 1371 945 iustitiae

191 1014 204 1053 a
231 1006 343 1070 perse
371 986 517 1051 effectum
544 988 698 1051 medentis
725 1004 800 1051 eura
828 1005 890 1051 uon
912 988 1048 1069 peragit,
1076 986 1148 1068 quia
1175 987 1370 1051 uoluntatem

232 1092 313 1171 eius,
348 1092 402 1173 qui
433 1094 481 1156 est
511 1092 706 1175 purgandus,
742 1095 892 1174 expectat.
942 1092 1034 1155 item:
1069 1090 1207 1153 defecit
1241 1090 1371 1155 suilla·

232 1196 383 1274 torium‚
425 1195 568 1259 frustra
609 1195 794 1260 conflauit
833 1196 1022 1259 sufflator.
1072 1196 1237 1259 malitiae
1276 1195 1371 1258 enim

231 1302 381 1363 uestrae
410 1318 481 1364 uon
512 1303 598 1364 suut
628 1304 881 1382 consumptae.
939 1300 1013 1363 dum
1044 1299 1131 1363 audis
1162 1298 1371 1363 sufflatorium

231 1403 282 1466 uel
310 1403 486 1467 conflatoris
514 1404 667 1484 officium,
697 1405 843 1487 intellege
866 1422 979 1486 purum
1007 1404 1168 1467 metallum
1197 1403 1372 1468 adulterina

181 1534 206 1572 ιο
231 1504 436 1588 permixtione
464 1513 644 1589 eorruptum
673 1512 705 1572 et
732 1525 750 1570 a
777 1508 912 1571 naturali
935 1508 1113 1571 sinceritate
1139 1506 1299 1571 uitiatum.
1346 1506 1371 1569 si

231 1611 324 1675 homo
354 1611 386 1674 in
416 1615 550 1676 mortem
579 1613 706 1695 inpulsu
738 1629 773 1676 ao
802 1614 962 1676 uoluntate
989 1612 1038 1675 dei
1066 1612 1183 1695 agitur,
1214 1628 1269 1674 our
1295 1611 1373 1674 item

232 1714 290 1778 snb
314 1714 478 1779 Ezechiele
501 1716 648 1799 inputans
673 1720 703 1780 et
729 1716 817 1780 uelut
844 1717 950 1781 dolens
978 1716 1128 1797 loquitur:
1160 1734 1271 1796 quare
1301 1732 1374 1779 mo·

231 1820 395 1900 riemiui,
426 1820 554 1884 domus
580 1820 714 1900 lsrael,
748 1820 921 1902 quoniam
953 1821 1035 1886 nolo
1067 1824 1221 1884 mortem
1250 1820 1371 1902 impii,

232 1924 323 1988 dioit
346 1924 539 1989 domiuus?
584 1925 823 1990 reuertimini
852 1928 888 1989 et
911 1926 1041 1988 uiuite.
1088 1928 1119 1988 et
1141 1924 1295 2007 quomodo
1319 1941 1372 1989 eos

180 2052 205 2093 ω
232 2028 265 2091 in
287 2032 431 2108 mortem,
455 2033 490 2092 ut
510 2028 720 2111 blasphemas,
743 2029 875 2112 inpellit,
900 2046 976 2111 qnos
999 2030 1038 2093 ad
1061 2030 1160 2093 uitam
1184 2046 1245 2093 nou
1269 2028 1372 2093 solum

231 2136 309 2196 nutu
325 2132 472 2212 iubentis,
493 2133 547 2197 sed
564 2132 678 2197 affeetu
699 2133 901 2215 supplicantis
918 2134 1049 2197 inuitat?
1072 2134 1162 2197 item:
1183 2134 1268 2197 uiuo
1289 2152 1371 2215 ego,

231 2236 324 2300 dioit
351 2237 536 2316 dominun,
564 2238 647 2301 uolo
676 2242 830 2301 mortem
858 2238 979 2320 impii,
1008 2238 1070 2300 sed
1092 2242 1131 2300 ut
1155 2240 1373 2302 reuertatur

229 2340 365 2422 impius
389 2359 408 2405 a
430 2342 492 2404 nia
514 2345 637 2405 suaet
659 2342 774 2405 uiuat.
809 2342 944 2405 reditum
969 2360 1001 2405 se
1024 2342 1056 2405 in
1079 2344 1234 2422 potestate
1254 2341 1371 2406 habore

230 2447 406 2527 cognoseat,
422 2445 476 2525 qui
491 2463 510 2508 a
525 2445 649 2509 domiuo
665 2448 860 2526 prouocatur,
880 2447 916 2510 ut
933 2446 1048 2509 redeat.
1072 2445 1157 2508 uiuo
1178 2464 1193 2508 e
1199 2462 1258 2528 go,
1279 2445 1372 2509 dioit

177 2574 203 2613 ro
230 2548 412 2612 dominus.
451 2568 490 2613 ne
521 2548 559 2611 de
586 2549 781 2632 indulgentia
803 2568 874 2613 reus
898 2548 1029 2628 dubitet,
1056 2550 1147 2613 index
1169 2549 1371 2613 elementiam

229 2670 319 2715 suam
350 2653 444 2716 otiam
472 2654 607 2733 quadam
635 2654 823 2717 sacramenti
849 2653 1081 2736 interpositione
1105 2652 1277 2718 coufirmat.
1317 2654 1370 2717 sed

228 2775 284 2838 per
307 2756 439 2838 apostoli
462 2756 548 2820 Petri
571 2758 759 2821 sententiam
783 2758 927 2821 uoluntas
951 2756 1169 2840 benignissimi
1195 2758 1371 2822 insinuatur

230 2861 379 2925 auotoris:
410 2879 481 2925 uou
505 2861 643 2942 tardat,
673 2862 786 2943 inquit,
810 2862 979 2925 domiuus
1003 2862 1225 2944 promissum
1249 2880 1369 2942 suum,

230 2964 294 3027 sed
324 2966 513 3046 patienter
535 2965 613 3048 agit
634 2970 786 3049 propter
810 2983 875 3029 uos
902 2966 1032 3029 nolens
1057 2966 1200 3047 aliquos
1231 2966 1368 3047 perire,

177 3094 203 3134 a
231 3068 294 3132 sed
309 3068 353 3131 ad
367 3070 639 3150 paenitentiam
655 3071 805 3134 reuerti.
843 3070 987 3152 peoeauti
1001 3070 1153 3153 ingeritur
1168 3070 1368 3153 paenitentia,

230 3177 266 3237 nt
284 3174 316 3237 iu
332 3174 519 3238 eonferenda
534 3175 747 3239 misericordia
760 3175 865 3238 looum
885 3175 984 3257 possit
1005 3174 1120 3237 habere
1142 3174 1271 3237 iustitia.
1307 3174 1369 3237 sed

229 3278 430 3358 patienter,
455 3278 567 3359 inquit,
591 3279 670 3362 agit
690 3279 943 3343 emendationem
957 3279 1104 3359 hominia,
1128 3278 1201 3359 quia
1216 3279 1369 3361 inpatieu-

231 3384 277 3444 ter
300 3380 465 3461 desiderat,
496 3383 651 3465 patienter
678 3386 829 3465 expectet.
869 3383 946 3446 item
974 3382 1144 3445 seeundum
1171 3382 1303 3445 Lunam:
1335 3386 1369 3445 et

230 3487 270 3548 ut
284 3486 613 3568 adpropinquanit,
633 3487 764 3550 uidens
786 3486 983 3551 ciuitatem
1004 3487 1114 3551 fleuit
1134 3506 1244 3569 super
1264 3487 1368 3551 illam

333 3684 361 3752 6]
379 3683 473 3737 Ierem.
486 3686 510 3748 6,
524 3686 566 3739 29.
637 3683 682 3752 12]
700 3683 793 3737 Enoch.
809 3687 847 3748 18,
862 3686 902 3739 32.
975 3682 1249 3752 16]Ezeeh.33.11.
1321 3683 1367 3753 23]

229 3772 245 3825 2
263 3770 335 3823 Patr.
348 3772 373 3833 3,
386 3773 410 3825 9.
472 3770 518 3840 29]
537 3769 600 3824 Luo.
616 3773 656 3834 19,
669 3773 710 3825 41.

274 3963 407 4028 luaquae
426 3962 454 4014 P
503 3962 702 4031 ‹lpugnatione
721 3963 748 4015 P
799 3965 971 4031 Seousumte
992 3962 1018 4016 P
1076 3965 1108 4017 10
1127 3962 1152 4032 a]
1172 3978 1221 4017 eo
1278 3965 1306 4018 11
1328 3964 1367 4015 iu·

228 4048 318 4118 pulsu]
338 4049 490 4103 suoadd.o
544 4051 576 4105 12
589 4048 785 4102 ezeehielomP
836 4048 983 4117 inputasP
1037 4051 1068 4105 14
1081 4050 1211 4103 uiueteP
1267 4050 1367 4105 18191-

229 4161 357 4214 ditnmP
407 4134 588 4215 addubitato
639 4164 672 4216 21
686 4160 744 4230 sed]
758 4164 785 4215 et
797 4162 889 4215 addo
942 4162 975 4215 22
990 4130 1200 4229 ὸεηίςηίἑίηῄΡ
1251 4165 1285 4217 23
1298 4166 1367 4216 aeto-

228 4248 292 4303 riso
344 4248 525 4316 24paeieuter
538 4250 565 4301 P
616 4247 717 4301 nollens
730 4248 758 4301 P
808 4251 841 4303 25
855 4247 889 4300 ad
901 4264 1036 4316 suprascr.
1050 4250 1085 4302 Pl
1137 4250 1330 4317 paeniteueinrn
1343 4250 1369 4302 P

228 4332 379 4405 penitencia
397 4334 425 4387 P
473 4338 505 4389 27
524 4334 658 4404 pacienter
676 4335 703 4387 P
755 4333 978 4388 emendationem
998 4335 1026 4387 P
