<?xml version="1.0" encoding="UTF-8"?>
<!DOCTYPE html PUBLIC "-//W3C//DTD XHTML 1.0 Transitional//EN"
    "http://www.w3.org/TR/xhtml1/DTD/xhtml1-transitional.dtd">
<html xmlns="http://www.w3.org/1999/xhtml" xml:lang="en" lang="en">
 <head>
  <title>
</title>
<meta http-equiv="Content-Type" content="text/html;charset=utf-8" />
  <meta name='ocr-system' content='tesseract 3.04.00' />
  <meta name='ocr-capabilities' content='ocr_page ocr_carea ocr_par ocr_line ocrx_word'/>
</head>
<body>
  <div class='ocr_page' id='page_1' title='image "./corpusscriptoru19wiengoog_0103.png"; bbox 0 0 3100 4892; ppageno 0'>
   <div class='ocr_carea' id='block_1_1' title="bbox 601 468 1281 531">
    <p class='ocr_par' dir='ltr' id='par_1_1' title="bbox 601 468 1281 531">
     <span class='ocr_line' id='line_1_1' title="bbox 601 468 1281 531; baseline 0.015 -10"><span class='ocrx_word' id='word_1_1' title='bbox 601 468 698 522; x_wconf 83' lang='lat' dir='ltr'>Liber</span> <span class='ocrx_word' id='word_1_2' title='bbox 715 468 728 522; x_wconf 93' lang='grc' dir='ltr'>Ι</span> <span class='ocrx_word' id='word_1_3' title='bbox 747 470 824 523; x_wconf 78' lang='grc'><strong>3-4.</strong></span> <span class='ocrx_word' id='word_1_4' title='bbox 1244 468 1281 531; x_wconf 70' lang='lat' dir='ltr'>ll</span> 
     </span>
    </p>
   </div>
   <div class='ocr_carea' id='block_1_2' title="bbox 150 644 1401 2700">
    <p class='ocr_par' dir='ltr' id='par_1_2' title="bbox 150 644 1401 2700">
     <span class='ocr_line' id='line_1_2' title="bbox 151 644 1283 727; baseline 0.002 -22"><span class='ocrx_word' id='word_1_5' title='bbox 151 662 190 720; x_wconf 89' lang='lat' dir='ltr'>ea,</span> <span class='ocrx_word' id='word_1_6' title='bbox 211 661 292 724; x_wconf 89' lang='lat' dir='ltr'>quae</span> <span class='ocrx_word' id='word_1_7' title='bbox 312 644 489 723; x_wconf 91' lang='lat' dir='ltr'>imminent,</span> <span class='ocrx_word' id='word_1_8' title='bbox 510 662 601 727; x_wconf 92' lang='lat' dir='ltr'>posse</span> <span class='ocrx_word' id='word_1_9' title='bbox 622 645 738 708; x_wconf 87' lang='lat' dir='ltr'>mutari</span> <span class='ocrx_word' id='word_1_10' title='bbox 758 644 930 708; x_wconf 88' lang='lat' dir='ltr'>secundum</span> <span class='ocrx_word' id='word_1_11' title='bbox 952 644 1028 708; x_wconf 93' lang='lat' dir='ltr'>illud</span> <span class='ocrx_word' id='word_1_12' title='bbox 1052 644 1283 726; x_wconf 88' lang='lat' dir='ltr'>euangelicum:</span> 
     </span>
     <span class='ocr_line' id='line_1_3' title="bbox 152 747 1284 830; baseline 0.001 -21"><span class='ocrx_word' id='word_1_13' title='bbox 152 747 304 829; x_wconf 86' lang='lat' dir='ltr'>uigilata</span> <span class='ocrx_word' id='word_1_14' title='bbox 322 752 358 811; x_wconf 91' lang='lat' dir='ltr'>et</span> <span class='ocrx_word' id='word_1_15' title='bbox 372 752 485 829; x_wconf 87' lang='lat' dir='ltr'>orate,</span> <span class='ocrx_word' id='word_1_16' title='bbox 499 768 542 812; x_wconf 90' lang='lat' dir='ltr'>ne</span> <span class='ocrx_word' id='word_1_17' title='bbox 558 749 710 812; x_wconf 87' lang='lat' dir='ltr'>intretis</span> <span class='ocrx_word' id='word_1_18' title='bbox 726 749 761 812; x_wconf 92' lang='lat' dir='ltr'>in</span> <span class='ocrx_word' id='word_1_19' title='bbox 779 749 1072 830; x_wconf 79' lang='lat' dir='ltr'>temptationem,</span> <span class='ocrx_word' id='word_1_20' title='bbox 1086 749 1175 811; x_wconf 85' lang='lat' dir='ltr'>item:</span> <span class='ocrx_word' id='word_1_21' title='bbox 1193 747 1284 829; x_wconf 90' lang='lat' dir='ltr'>uigi-</span> 
     </span>
     <span class='ocr_line' id='line_1_4' title="bbox 150 851 1284 936; baseline 0.001 -22"><span class='ocrx_word' id='word_1_22' title='bbox 150 851 218 915; x_wconf 91' lang='lat' dir='ltr'>late</span> <span class='ocrx_word' id='word_1_23' title='bbox 242 852 370 934; x_wconf 90' lang='lat' dir='ltr'>itaque</span> <span class='ocrx_word' id='word_1_24' title='bbox 393 854 490 916; x_wconf 93' lang='lat' dir='ltr'>omni</span> <span class='ocrx_word' id='word_1_25' title='bbox 514 856 679 935; x_wconf 90' lang='lat' dir='ltr'>tempore</span> <span class='ocrx_word' id='word_1_26' title='bbox 699 856 864 933; x_wconf 88' lang='lat' dir='ltr'>orantes,</span> <span class='ocrx_word' id='word_1_27' title='bbox 889 856 928 916; x_wconf 90' lang='lat' dir='ltr'>ut</span> <span class='ocrx_word' id='word_1_28' title='bbox 948 852 1051 936; x_wconf 87' lang='lat' dir='ltr'>digni</span> <span class='ocrx_word' id='word_1_29' title='bbox 1070 851 1284 915; x_wconf 79' lang='lat' dir='ltr'>habeamini</span> 
     </span>
     <span class='ocr_line' id='line_1_5' title="bbox 152 954 1284 1038; baseline 0.002 -21"><span class='ocrx_word' id='word_1_30' title='bbox 152 954 274 1038; x_wconf 88' lang='lat' dir='ltr'>fugere</span> <span class='ocrx_word' id='word_1_31' title='bbox 305 956 381 1020; x_wconf 87' lang='lat' dir='ltr'>ista</span> <span class='ocrx_word' id='word_1_32' title='bbox 409 957 542 1036; x_wconf 90' lang='lat' dir='ltr'>omnia,</span> <span class='ocrx_word' id='word_1_33' title='bbox 577 975 667 1038; x_wconf 89' lang='lat' dir='ltr'>quae</span> <span class='ocrx_word' id='word_1_34' title='bbox 698 957 825 1020; x_wconf 87' lang='lat' dir='ltr'>lutura</span> <span class='ocrx_word' id='word_1_35' title='bbox 860 960 959 1035; x_wconf 89' lang='lat' dir='ltr'>sunt,</span> <span class='ocrx_word' id='word_1_36' title='bbox 994 960 1029 1019; x_wconf 89' lang='lat' dir='ltr'>et</span> <span class='ocrx_word' id='word_1_37' title='bbox 1064 962 1163 1020; x_wconf 89' lang='lat' dir='ltr'>stare</span> <span class='ocrx_word' id='word_1_38' title='bbox 1199 960 1284 1020; x_wconf 88' lang='lat' dir='ltr'>ante</span> 
     </span>
     <span class='ocr_line' id='line_1_6' title="bbox 151 1059 1335 1143; baseline -0.002 -21"><span class='ocrx_word' id='word_1_39' title='bbox 151 1059 268 1123; x_wconf 85' lang='lat' dir='ltr'>filium</span> <span class='ocrx_word' id='word_1_40' title='bbox 302 1059 479 1139; x_wconf 91' lang='lat' dir='ltr'>hominis,</span> <span class='ocrx_word' id='word_1_41' title='bbox 514 1064 546 1124; x_wconf 91' lang='lat' dir='ltr'>et</span> <span class='ocrx_word' id='word_1_42' title='bbox 576 1061 706 1124; x_wconf 89' lang='lat' dir='ltr'>iterum:</span> <span class='ocrx_word' id='word_1_43' title='bbox 741 1059 810 1123; x_wconf 90' lang='lat' dir='ltr'>hoc</span> <span class='ocrx_word' id='word_1_44' title='bbox 839 1080 955 1143; x_wconf 89' lang='lat' dir='ltr'>genus</span> <span class='ocrx_word' id='word_1_45' title='bbox 991 1060 1178 1123; x_wconf 88' lang='lat' dir='ltr'>daemonii</span> <span class='ocrx_word' id='word_1_46' title='bbox 1212 1077 1283 1123; x_wconf 93' lang='lat' dir='ltr'>non</span> <span class='ocrx_word' id='word_1_47' title='bbox 1323 1078 1335 1119; x_wconf 79' lang='lat' dir='ltr'>a</span> 
     </span>
     <span class='ocr_line' id='line_1_7' title="bbox 151 1164 1284 1246; baseline 0.002 -21"><span class='ocrx_word' id='word_1_48' title='bbox 151 1164 281 1227; x_wconf 88' lang='lat' dir='ltr'>eicitur</span> <span class='ocrx_word' id='word_1_49' title='bbox 315 1165 399 1228; x_wconf 88' lang='lat' dir='ltr'>nisi</span> <span class='ocrx_word' id='word_1_50' title='bbox 423 1184 487 1246; x_wconf 90' lang='lat' dir='ltr'>per</span> <span class='ocrx_word' id='word_1_51' title='bbox 517 1164 724 1229; x_wconf 89' lang='lat' dir='ltr'>orationem</span> <span class='ocrx_word' id='word_1_52' title='bbox 757 1168 793 1228; x_wconf 90' lang='lat' dir='ltr'>et</span> <span class='ocrx_word' id='word_1_53' title='bbox 824 1165 1015 1227; x_wconf 85' lang='lat' dir='ltr'>ieiunium.</span> <span class='ocrx_word' id='word_1_54' title='bbox 1051 1164 1158 1245; x_wconf 89' lang='lat' dir='ltr'>quodsi</span> <span class='ocrx_word' id='word_1_55' title='bbox 1188 1164 1284 1228; x_wconf 90' lang='lat' dir='ltr'>oratio</span> 
     </span>
     <span class='ocr_line' id='line_1_8' title="bbox 152 1268 1285 1352; baseline 0.001 -23"><span class='ocrx_word' id='word_1_56' title='bbox 152 1268 323 1331; x_wconf 85' lang='lat' dir='ltr'>necessaria</span> <span class='ocrx_word' id='word_1_57' title='bbox 345 1286 407 1332; x_wconf 90' lang='lat' dir='ltr'>non</span> <span class='ocrx_word' id='word_1_58' title='bbox 430 1272 488 1348; x_wconf 89' lang='lat' dir='ltr'>est,</span> <span class='ocrx_word' id='word_1_59' title='bbox 513 1287 567 1332; x_wconf 91' lang='lat' dir='ltr'>our</span> <span class='ocrx_word' id='word_1_60' title='bbox 589 1269 666 1352; x_wconf 88' lang='lat' dir='ltr'>ipse,</span> <span class='ocrx_word' id='word_1_61' title='bbox 690 1268 742 1350; x_wconf 92' lang='lat' dir='ltr'>qui</span> <span class='ocrx_word' id='word_1_62' title='bbox 758 1268 931 1331; x_wconf 80' lang='lat' dir='ltr'>exorandus</span> <span class='ocrx_word' id='word_1_63' title='bbox 948 1271 1005 1347; x_wconf 88' lang='lat' dir='ltr'>est,</span> <span class='ocrx_word' id='word_1_64' title='bbox 1021 1268 1155 1332; x_wconf 83' lang='lat' dir='ltr'>formam</span> <span class='ocrx_word' id='word_1_65' title='bbox 1171 1268 1285 1331; x_wconf 90' lang='lat' dir='ltr'>oratio-</span> 
     </span>
     <span class='ocr_line' id='line_1_9' title="bbox 152 1370 1284 1454; baseline 0 -21"><span class='ocrx_word' id='word_1_66' title='bbox 152 1370 195 1433; x_wconf 87' lang='lat' dir='ltr'>nis</span> <span class='ocrx_word' id='word_1_67' title='bbox 216 1372 356 1435; x_wconf 87' lang='lat' dir='ltr'>instituit</span> <span class='ocrx_word' id='word_1_68' title='bbox 379 1376 410 1436; x_wconf 93' lang='lat' dir='ltr'>et</span> <span class='ocrx_word' id='word_1_69' title='bbox 433 1375 554 1435; x_wconf 79' lang='lat' dir='ltr'>orauit?</span> <span class='ocrx_word' id='word_1_70' title='bbox 589 1373 622 1435; x_wconf 92' lang='lat' dir='ltr'>in</span> <span class='ocrx_word' id='word_1_71' title='bbox 645 1390 680 1436; x_wconf 94' lang='lat' dir='ltr'>eo</span> <span class='ocrx_word' id='word_1_72' title='bbox 701 1390 784 1454; x_wconf 90' lang='lat' dir='ltr'>ergo,</span> <span class='ocrx_word' id='word_1_73' title='bbox 808 1372 861 1453; x_wconf 91' lang='lat' dir='ltr'>qui</span> <span class='ocrx_word' id='word_1_74' title='bbox 884 1370 1017 1436; x_wconf 76' lang='lat' dir='ltr'>indoctis</span> <span class='ocrx_word' id='word_1_75' title='bbox 1041 1370 1166 1435; x_wconf 89' lang='lat' dir='ltr'>auribus</span> <span class='ocrx_word' id='word_1_76' title='bbox 1188 1372 1284 1435; x_wconf 91' lang='lat' dir='ltr'>solius</span> 
     </span>
     <span class='ocr_line' id='line_1_10' title="bbox 152 1474 1285 1559; baseline -0.001 -20"><span class='ocrx_word' id='word_1_77' title='bbox 152 1476 265 1556; x_wconf 83' lang='lat' dir='ltr'>gratiae</span> <span class='ocrx_word' id='word_1_78' title='bbox 281 1477 451 1539; x_wconf 89' lang='lat' dir='ltr'>assertione</span> <span class='ocrx_word' id='word_1_79' title='bbox 472 1475 642 1556; x_wconf 81' lang='lat' dir='ltr'>blanditur,</span> <span class='ocrx_word' id='word_1_80' title='bbox 665 1476 882 1559; x_wconf 89' lang='lat' dir='ltr'>propheticum</span> <span class='ocrx_word' id='word_1_81' title='bbox 905 1476 983 1538; x_wconf 92' lang='lat' dir='ltr'>illud</span> <span class='ocrx_word' id='word_1_82' title='bbox 1006 1474 1186 1558; x_wconf 89' lang='lat' dir='ltr'>inplebitur:</span> <span class='ocrx_word' id='word_1_83' title='bbox 1214 1494 1285 1538; x_wconf 90' lang='lat' dir='ltr'>ma-</span> 
     </span>
     <span class='ocr_line' id='line_1_11' title="bbox 150 1576 1401 1662; baseline -0.004 -20"><span class='ocrx_word' id='word_1_84' title='bbox 150 1579 284 1662; x_wconf 89' lang='lat' dir='ltr'>lignus,</span> <span class='ocrx_word' id='word_1_85' title='bbox 313 1580 424 1661; x_wconf 89' lang='lat' dir='ltr'>inquit,</span> <span class='ocrx_word' id='word_1_86' title='bbox 455 1583 578 1659; x_wconf 88' lang='lat' dir='ltr'>nocet,</span> <span class='ocrx_word' id='word_1_87' title='bbox 609 1598 689 1643; x_wconf 92' lang='lat' dir='ltr'>cum</span> <span class='ocrx_word' id='word_1_88' title='bbox 713 1599 750 1643; x_wconf 90' lang='lat' dir='ltr'>se</span> <span class='ocrx_word' id='word_1_89' title='bbox 774 1580 1055 1644; x_wconf 79' lang='lat' dir='ltr'>commiscuerit</span> <span class='ocrx_word' id='word_1_90' title='bbox 1076 1580 1185 1643; x_wconf 89' lang='lat' dir='ltr'>iusto.</span> <span class='ocrx_word' id='word_1_91' title='bbox 1218 1580 1284 1642; x_wconf 91' lang='lat' dir='ltr'>auri</span> <span class='ocrx_word' id='word_1_92' title='bbox 1312 1598 1337 1638; x_wconf 84' lang='grc' dir='ltr'>ιο</span> <span class='ocrx_word' id='word_1_93' title='bbox 1399 1576 1401 1581; x_wconf 78' lang='grc'><strong>“</strong></span> 
     </span>
     <span class='ocr_line' id='line_1_12' title="bbox 152 1684 1285 1767; baseline 0.002 -23"><span class='ocrx_word' id='word_1_94' title='bbox 152 1684 265 1763; x_wconf 86' lang='lat' dir='ltr'>species</span> <span class='ocrx_word' id='word_1_95' title='bbox 288 1684 387 1765; x_wconf 89' lang='lat' dir='ltr'>primo</span> <span class='ocrx_word' id='word_1_96' title='bbox 412 1684 513 1748; x_wconf 89' lang='lat' dir='ltr'>colore</span> <span class='ocrx_word' id='word_1_97' title='bbox 536 1684 721 1767; x_wconf 86' lang='lat' dir='ltr'>praefertur,</span> <span class='ocrx_word' id='word_1_98' title='bbox 744 1684 798 1747; x_wconf 87' lang='lat' dir='ltr'>sed</span> <span class='ocrx_word' id='word_1_99' title='bbox 822 1684 943 1767; x_wconf 88' lang='lat' dir='ltr'>plumbi</span> <span class='ocrx_word' id='word_1_100' title='bbox 970 1684 1074 1748; x_wconf 88' lang='lat' dir='ltr'>uilitas</span> <span class='ocrx_word' id='word_1_101' title='bbox 1098 1684 1285 1748; x_wconf 88' lang='lat' dir='ltr'>intrinsecus</span> 
     </span>
     <span class='ocr_line' id='line_1_13' title="bbox 151 1786 1285 1869; baseline 0.003 -21"><span class='ocrx_word' id='word_1_102' title='bbox 151 1786 242 1851; x_wconf 87' lang='lat' dir='ltr'>latere</span> <span class='ocrx_word' id='word_1_103' title='bbox 255 1787 504 1869; x_wconf 85' lang='lat' dir='ltr'>deprehenditur.</span> <span class='ocrx_word' id='word_1_104' title='bbox 526 1788 679 1869; x_wconf 91' lang='lat' dir='ltr'>quomodo</span> <span class='ocrx_word' id='word_1_105' title='bbox 693 1789 718 1851; x_wconf 88' lang='lat' dir='ltr'>si</span> <span class='ocrx_word' id='word_1_106' title='bbox 731 1788 789 1851; x_wconf 89' lang='lat' dir='ltr'>sub</span> <span class='ocrx_word' id='word_1_107' title='bbox 802 1788 940 1869; x_wconf 86' lang='lat' dir='ltr'>praelato</span> <span class='ocrx_word' id='word_1_108' title='bbox 953 1789 1076 1853; x_wconf 89' lang='lat' dir='ltr'>mentiti</span> <span class='ocrx_word' id='word_1_109' title='bbox 1089 1788 1165 1851; x_wconf 90' lang='lat' dir='ltr'>cinis</span> <span class='ocrx_word' id='word_1_110' title='bbox 1178 1788 1285 1851; x_wconf 90' lang='lat' dir='ltr'>habitu</span> 
     </span>
     <span class='ocr_line' id='line_1_14' title="bbox 152 1891 1286 1975; baseline 0.003 -23"><span class='ocrx_word' id='word_1_111' title='bbox 152 1891 249 1955; x_wconf 83' lang='lat' dir='ltr'>subito</span> <span class='ocrx_word' id='word_1_112' title='bbox 272 1892 371 1955; x_wconf 91' lang='lat' dir='ltr'>hostis</span> <span class='ocrx_word' id='word_1_113' title='bbox 396 1895 543 1975; x_wconf 89' lang='lat' dir='ltr'>appareat</span> <span class='ocrx_word' id='word_1_114' title='bbox 565 1896 620 1955; x_wconf 90' lang='lat' dir='ltr'>aut</span> <span class='ocrx_word' id='word_1_115' title='bbox 643 1893 670 1955; x_wconf 92' lang='lat' dir='ltr'>si</span> <span class='ocrx_word' id='word_1_116' title='bbox 690 1911 724 1955; x_wconf 90' lang='lat' dir='ltr'>se</span> <span class='ocrx_word' id='word_1_117' title='bbox 746 1892 865 1955; x_wconf 92' lang='lat' dir='ltr'>inimici</span> <span class='ocrx_word' id='word_1_118' title='bbox 881 1893 987 1955; x_wconf 91' lang='lat' dir='ltr'>dolosa</span> <span class='ocrx_word' id='word_1_119' title='bbox 1003 1892 1161 1955; x_wconf 82' lang='lat' dir='ltr'>subtilitas</span> <span class='ocrx_word' id='word_1_120' title='bbox 1183 1896 1286 1955; x_wconf 89' lang='lat' dir='ltr'>trans-</span> 
     </span>
     <span class='ocr_line' id='line_1_15' title="bbox 150 1994 1283 2079; baseline 0.002 -23"><span class='ocrx_word' id='word_1_121' title='bbox 150 1994 259 2077; x_wconf 87' lang='lat' dir='ltr'>figuret</span> <span class='ocrx_word' id='word_1_122' title='bbox 274 1996 306 2060; x_wconf 92' lang='lat' dir='ltr'>in</span> <span class='ocrx_word' id='word_1_123' title='bbox 322 1996 469 2079; x_wconf 84' lang='lat' dir='ltr'>angelum</span> <span class='ocrx_word' id='word_1_124' title='bbox 484 1996 572 2076; x_wconf 88' lang='lat' dir='ltr'>lucis,</span> <span class='ocrx_word' id='word_1_125' title='bbox 589 1996 634 2059; x_wconf 88' lang='lat' dir='ltr'>ita</span> <span class='ocrx_word' id='word_1_126' title='bbox 645 1995 703 2059; x_wconf 89' lang='lat' dir='ltr'>sub</span> <span class='ocrx_word' id='word_1_127' title='bbox 715 1996 841 2079; x_wconf 88' lang='lat' dir='ltr'>pietatis</span> <span class='ocrx_word' id='word_1_128' title='bbox 853 1995 953 2060; x_wconf 85' lang='lat' dir='ltr'>fronte</span> <span class='ocrx_word' id='word_1_129' title='bbox 965 1997 1151 2079; x_wconf 86' lang='lat' dir='ltr'>gentilitatis</span> <span class='ocrx_word' id='word_1_130' title='bbox 1165 1996 1283 2059; x_wconf 90' lang='lat' dir='ltr'>malum</span> 
     </span>
     <span class='ocr_line' id='line_1_16' title="bbox 152 2100 1336 2182; baseline -0.003 -21"><span class='ocrx_word' id='word_1_131' title='bbox 152 2102 182 2162; x_wconf 88' lang='lat' dir='ltr'>et</span> <span class='ocrx_word' id='word_1_132' title='bbox 202 2100 283 2163; x_wconf 89' lang='lat' dir='ltr'>intra</span> <span class='ocrx_word' id='word_1_133' title='bbox 304 2101 424 2182; x_wconf 88' lang='lat' dir='ltr'>gratiae</span> <span class='ocrx_word' id='word_1_134' title='bbox 447 2100 637 2164; x_wconf 91' lang='lat' dir='ltr'>uocabulum</span> <span class='ocrx_word' id='word_1_135' title='bbox 659 2100 877 2164; x_wconf 89' lang='lat' dir='ltr'>absconditum</span> <span class='ocrx_word' id='word_1_136' title='bbox 905 2102 963 2163; x_wconf 86' lang='lat' dir='ltr'>erit</span> <span class='ocrx_word' id='word_1_137' title='bbox 990 2101 1086 2164; x_wconf 86' lang='lat' dir='ltr'>fatale</span> <span class='ocrx_word' id='word_1_138' title='bbox 1114 2101 1282 2164; x_wconf 88' lang='lat' dir='ltr'>decretum.</span> <span class='ocrx_word' id='word_1_139' title='bbox 1312 2120 1336 2159; x_wconf 66' lang='grc' dir='ltr'>ιε</span> 
     </span>
     <span class='ocr_line' id='line_1_17' title="bbox 151 2204 1285 2287; baseline 0.003 -23"><span class='ocrx_word' id='word_1_140' title='bbox 151 2204 176 2265; x_wconf 86' lang='lat' dir='ltr'>si</span> <span class='ocrx_word' id='word_1_141' title='bbox 201 2221 272 2287; x_wconf 87' lang='lat' dir='ltr'>ergo</span> <span class='ocrx_word' id='word_1_142' title='bbox 295 2222 376 2268; x_wconf 87' lang='lat' dir='ltr'>unus</span> <span class='ocrx_word' id='word_1_143' title='bbox 399 2204 438 2267; x_wconf 88' lang='lat' dir='ltr'>ad</span> <span class='ocrx_word' id='word_1_144' title='bbox 461 2205 571 2285; x_wconf 90' lang='lat' dir='ltr'>uitam,</span> <span class='ocrx_word' id='word_1_145' title='bbox 594 2206 674 2269; x_wconf 89' lang='lat' dir='ltr'>alter</span> <span class='ocrx_word' id='word_1_146' title='bbox 697 2205 735 2268; x_wconf 90' lang='lat' dir='ltr'>ad</span> <span class='ocrx_word' id='word_1_147' title='bbox 758 2204 973 2287; x_wconf 84' lang='lat' dir='ltr'>perditionem,</span> <span class='ocrx_word' id='word_1_148' title='bbox 997 2208 1032 2268; x_wconf 91' lang='lat' dir='ltr'>ut</span> <span class='ocrx_word' id='word_1_149' title='bbox 1056 2208 1208 2285; x_wconf 91' lang='lat' dir='ltr'>asserunt,</span> <span class='ocrx_word' id='word_1_150' title='bbox 1232 2205 1285 2267; x_wconf 93' lang='lat' dir='ltr'>de-</span> 
     </span>
     <span class='ocr_line' id='line_1_18' title="bbox 151 2308 1286 2390; baseline 0.002 -21"><span class='ocrx_word' id='word_1_151' title='bbox 151 2310 275 2386; x_wconf 85' lang='lat' dir='ltr'>putatus</span> <span class='ocrx_word' id='word_1_152' title='bbox 291 2312 349 2388; x_wconf 89' lang='lat' dir='ltr'>est,</span> <span class='ocrx_word' id='word_1_153' title='bbox 373 2309 455 2372; x_wconf 89' lang='lat' dir='ltr'>sicut</span> <span class='ocrx_word' id='word_1_154' title='bbox 470 2308 596 2390; x_wconf 91' lang='lat' dir='ltr'>quidam</span> <span class='ocrx_word' id='word_1_155' title='bbox 617 2312 795 2373; x_wconf 89' lang='lat' dir='ltr'>sanctorum</span> <span class='ocrx_word' id='word_1_156' title='bbox 812 2310 896 2388; x_wconf 78' lang='lat' dir='ltr'>dixit,</span> <span class='ocrx_word' id='word_1_157' title='bbox 921 2326 982 2373; x_wconf 93' lang='lat' dir='ltr'>non</span> <span class='ocrx_word' id='word_1_158' title='bbox 1006 2308 1160 2373; x_wconf 89' lang='lat' dir='ltr'>iudicandi</span> <span class='ocrx_word' id='word_1_159' title='bbox 1184 2309 1286 2371; x_wconf 86' lang='lat' dir='ltr'>nasci-</span> 
     </span>
     <span class='ocr_line' id='line_1_19' title="bbox 152 2412 1284 2495; baseline 0.004 -22"><span class='ocrx_word' id='word_1_160' title='bbox 152 2430 228 2491; x_wconf 86' lang='lat' dir='ltr'>mur,</span> <span class='ocrx_word' id='word_1_161' title='bbox 250 2412 305 2475; x_wconf 86' lang='lat' dir='ltr'>sed</span> <span class='ocrx_word' id='word_1_162' title='bbox 326 2412 466 2493; x_wconf 86' lang='lat' dir='ltr'>indicati,</span> <span class='ocrx_word' id='word_1_163' title='bbox 494 2432 594 2494; x_wconf 88' lang='lat' dir='ltr'>neque</span> <span class='ocrx_word' id='word_1_164' title='bbox 622 2413 772 2477; x_wconf 83' lang='lat' dir='ltr'>ulla&#39;sibi</span> <span class='ocrx_word' id='word_1_165' title='bbox 800 2414 885 2476; x_wconf 85' lang='lat' dir='ltr'>iuxta</span> <span class='ocrx_word' id='word_1_166' title='bbox 908 2414 984 2476; x_wconf 90' lang='lat' dir='ltr'>haec</span> <span class='ocrx_word' id='word_1_167' title='bbox 1006 2414 1119 2495; x_wconf 90' lang='lat' dir='ltr'>poterit</span> <span class='ocrx_word' id='word_1_168' title='bbox 1142 2413 1284 2493; x_wconf 88' lang='lat' dir='ltr'>aequitas</span> 
     </span>
     <span class='ocr_line' id='line_1_20' title="bbox 151 2516 1284 2597; baseline 0.003 -21"><span class='ocrx_word' id='word_1_169' title='bbox 151 2520 287 2580; x_wconf 88' lang='lat' dir='ltr'>constare</span> <span class='ocrx_word' id='word_1_170' title='bbox 310 2516 426 2580; x_wconf 92' lang='lat' dir='ltr'>iudicii.</span> <span class='ocrx_word' id='word_1_171' title='bbox 457 2536 529 2581; x_wconf 90' lang='lat' dir='ltr'>nam</span> <span class='ocrx_word' id='word_1_172' title='bbox 552 2518 577 2580; x_wconf 90' lang='lat' dir='ltr'>si</span> <span class='ocrx_word' id='word_1_173' title='bbox 598 2518 677 2581; x_wconf 89' lang='lat' dir='ltr'>nibil</span> <span class='ocrx_word' id='word_1_174' title='bbox 693 2518 768 2580; x_wconf 92' lang='lat' dir='ltr'>deus</span> <span class='ocrx_word' id='word_1_175' title='bbox 785 2518 902 2581; x_wconf 84' lang='lat' dir='ltr'>famulo</span> <span class='ocrx_word' id='word_1_176' title='bbox 918 2518 1013 2597; x_wconf 76' lang='lat' dir='ltr'>dcclii,</span> <span class='ocrx_word' id='word_1_177' title='bbox 1037 2536 1055 2581; x_wconf 91' lang='lat' dir='ltr'>a</span> <span class='ocrx_word' id='word_1_178' title='bbox 1075 2517 1191 2580; x_wconf 89' lang='lat' dir='ltr'>famulo</span> <span class='ocrx_word' id='word_1_179' title='bbox 1213 2518 1284 2597; x_wconf 92' lang='lat' dir='ltr'>quid</span> 
     </span>
     <span class='ocr_line' id='line_1_21' title="bbox 151 2623 1336 2700; baseline -0.001 -20"><span class='ocrx_word' id='word_1_180' title='bbox 151 2623 311 2700; x_wconf 82' lang='lat' dir='ltr'>reposcet?</span> <span class='ocrx_word' id='word_1_181' title='bbox 1311 2640 1336 2679; x_wconf 77' lang='lat' dir='ltr'>ro</span> 
     </span>
    </p>
   </div>
   <div class='ocr_carea' id='block_1_3' title="bbox 680 2777 755 2841">
    <p class='ocr_par' dir='ltr' id='par_1_3' title="bbox 680 2777 755 2841">
     <span class='ocr_line' id='line_1_22' title="bbox 680 2777 755 2841; baseline 0 0"><span class='ocrx_word' id='word_1_182' title='bbox 680 2777 755 2841; x_wconf 89' lang='lat' dir='ltr'><strong>IIII.</strong></span> 
     </span>
    </p>
   </div>
   <div class='ocr_carea' id='block_1_4' title="bbox 152 2918 1324 3137">
    <p class='ocr_par' dir='ltr' id='par_1_4' title="bbox 152 2918 1324 3137">
     <span class='ocr_line' id='line_1_23' title="bbox 152 2918 1324 2963; baseline 0.003 -7"><span class='ocrx_word' id='word_1_183' title='bbox 152 2918 240 2959; x_wconf 69' lang='lat' dir='ltr'>tauns</span> <span class='ocrx_word' id='word_1_184' title='bbox 273 2920 375 2961; x_wconf 70' lang='lat' dir='ltr'><strong><em>OPERA</em></strong></span> <span class='ocrx_word' id='word_1_185' title='bbox 413 2920 641 2962; x_wconf 75' lang='lat' dir='ltr'>DESTRUUNTUR</span> <span class='ocrx_word' id='word_1_186' title='bbox 677 2922 717 2961; x_wconf 70' lang='lat' dir='ltr'>ET</span> <span class='ocrx_word' id='word_1_187' title='bbox 755 2920 893 2961; x_wconf 70' lang='lat' dir='ltr'>ettamen</span> <span class='ocrx_word' id='word_1_188' title='bbox 928 2920 1183 2963; x_wconf 69' lang='lat' dir='ltr'>COMMENDAN&#39;I&#39;UR</span> <span class='ocrx_word' id='word_1_189' title='bbox 1224 2920 1285 2961; x_wconf 75' lang='lat' dir='ltr'>uun</span> <span class='ocrx_word' id='word_1_190' title='bbox 1320 2954 1324 2961; x_wconf 91' lang='lat'><em>.</em></span> 
     </span>
     <span class='ocr_line' id='line_1_24' title="bbox 152 3002 1285 3064; baseline 0.002 -21"><span class='ocrx_word' id='word_1_191' title='bbox 152 3002 269 3046; x_wconf 69' lang='lat' dir='ltr'>conrad</span> <span class='ocrx_word' id='word_1_192' title='bbox 289 3008 362 3064; x_wconf 80' lang='lat' dir='ltr'>HOC,</span> <span class='ocrx_word' id='word_1_193' title='bbox 383 3008 467 3055; x_wconf 84' lang='lat' dir='ltr'><strong>QUOD</strong></span> <span class='ocrx_word' id='word_1_194' title='bbox 484 3008 703 3049; x_wconf 74' lang='lat' dir='ltr'>innoculssmn</span> <span class='ocrx_word' id='word_1_195' title='bbox 723 3008 911 3049; x_wconf 77' lang='lat' dir='ltr'>Tasurmouln</span> <span class='ocrx_word' id='word_1_196' title='bbox 932 3009 992 3049; x_wconf 81' lang='lat' dir='ltr'>PRO</span> <span class='ocrx_word' id='word_1_197' title='bbox 1016 3008 1123 3049; x_wconf 77' lang='lat' dir='ltr'>somus</span> <span class='ocrx_word' id='word_1_198' title='bbox 1147 3007 1285 3048; x_wconf 72' lang='lat' dir='ltr'>GRATIAE</span> 
     </span>
     <span class='ocr_line' id='line_1_25' title="bbox 509 3094 921 3137; baseline 0.007 -3"><span class='ocrx_word' id='word_1_199' title='bbox 509 3094 707 3135; x_wconf 75' lang='lat' dir='ltr'>ADSER&#39;I&#39;IONE</span> <span class='ocrx_word' id='word_1_200' title='bbox 726 3095 921 3137; x_wconf 80' lang='lat' dir='ltr'>PROPONUN&#39;I&#39;.</span> 
     </span>
    </p>
   </div>
   <div class='ocr_carea' id='block_1_5' title="bbox 150 3226 1337 3936">
    <p class='ocr_par' dir='ltr' id='par_1_5' title="bbox 150 3226 1337 3936">
     <span class='ocr_line' id='line_1_26' title="bbox 194 3226 1336 3310; baseline 0.004 -20"><span class='ocrx_word' id='word_1_201' title='bbox 194 3226 350 3310; x_wconf 86' lang='lat' dir='ltr'>Legimus,</span> <span class='ocrx_word' id='word_1_202' title='bbox 383 3228 536 3309; x_wconf 90' lang='lat' dir='ltr'>inquiunt,</span> <span class='ocrx_word' id='word_1_203' title='bbox 567 3229 607 3291; x_wconf 90' lang='lat' dir='ltr'>ad</span> <span class='ocrx_word' id='word_1_204' title='bbox 636 3229 811 3292; x_wconf 86' lang='lat' dir='ltr'>Romanos:</span> <span class='ocrx_word' id='word_1_205' title='bbox 843 3229 873 3291; x_wconf 88' lang='lat' dir='ltr'>si</span> <span class='ocrx_word' id='word_1_206' title='bbox 905 3228 1000 3292; x_wconf 91' lang='lat' dir='ltr'>enim</span> <span class='ocrx_word' id='word_1_207' title='bbox 1029 3226 1215 3291; x_wconf 84' lang='lat' dir='ltr'>Abraham</span> <span class='ocrx_word' id='word_1_208' title='bbox 1244 3246 1284 3290; x_wconf 83' lang='lat' dir='ltr'>ex</span> <span class='ocrx_word' id='word_1_209' title='bbox 1311 3256 1336 3294; x_wconf 78' lang='lat' dir='ltr'>ss</span> 
     </span>
     <span class='ocr_line' id='line_1_27' title="bbox 152 3331 1284 3416; baseline 0.002 -24"><span class='ocrx_word' id='word_1_210' title='bbox 152 3331 322 3412; x_wconf 88' lang='lat' dir='ltr'>operibus</span> <span class='ocrx_word' id='word_1_211' title='bbox 345 3333 584 3397; x_wconf 82' lang='lat' dir='ltr'>iustificatos</span> <span class='ocrx_word' id='word_1_212' title='bbox 609 3337 674 3412; x_wconf 88' lang='lat' dir='ltr'>est,</span> <span class='ocrx_word' id='word_1_213' title='bbox 696 3333 810 3397; x_wconf 90' lang='lat' dir='ltr'>habet</span> <span class='ocrx_word' id='word_1_214' title='bbox 832 3334 1000 3416; x_wconf 90' lang='lat' dir='ltr'>gloriam,</span> <span class='ocrx_word' id='word_1_215' title='bbox 1025 3332 1087 3396; x_wconf 87' lang='lat' dir='ltr'>sed</span> <span class='ocrx_word' id='word_1_216' title='bbox 1103 3351 1173 3396; x_wconf 94' lang='lat' dir='ltr'>uon</span> <span class='ocrx_word' id='word_1_217' title='bbox 1189 3333 1284 3415; x_wconf 90' lang='lat' dir='ltr'>apud</span> 
     </span>
     <span class='ocr_line' id='line_1_28' title="bbox 152 3434 1285 3519; baseline 0.004 -24"><span class='ocrx_word' id='word_1_218' title='bbox 152 3434 269 3515; x_wconf 86' lang='lat' dir='ltr'>deum,</span> <span class='ocrx_word' id='word_1_219' title='bbox 299 3438 393 3501; x_wconf 87' lang='lat' dir='ltr'>item:</span> <span class='ocrx_word' id='word_1_220' title='bbox 425 3438 458 3500; x_wconf 92' lang='lat' dir='ltr'>ei</span> <span class='ocrx_word' id='word_1_221' title='bbox 488 3440 628 3517; x_wconf 89' lang='lat' dir='ltr'>autem,</span> <span class='ocrx_word' id='word_1_222' title='bbox 659 3438 721 3519; x_wconf 92' lang='lat' dir='ltr'>qni</span> <span class='ocrx_word' id='word_1_223' title='bbox 751 3441 942 3519; x_wconf 91' lang='lat' dir='ltr'>operatur,</span> <span class='ocrx_word' id='word_1_224' title='bbox 970 3454 1111 3501; x_wconf 89' lang='lat' dir='ltr'>merces</span> <span class='ocrx_word' id='word_1_225' title='bbox 1140 3454 1211 3499; x_wconf 94' lang='lat' dir='ltr'>non</span> <span class='ocrx_word' id='word_1_226' title='bbox 1234 3437 1285 3499; x_wconf 92' lang='lat' dir='ltr'>in-</span> 
     </span>
     <span class='ocr_line' id='line_1_29' title="bbox 150 3540 1281 3623; baseline 0.002 -22"><span class='ocrx_word' id='word_1_227' title='bbox 150 3542 301 3620; x_wconf 87' lang='lat' dir='ltr'>putatur</span> <span class='ocrx_word' id='word_1_228' title='bbox 331 3540 534 3605; x_wconf 90' lang='lat' dir='ltr'>secundum</span> <span class='ocrx_word' id='word_1_229' title='bbox 563 3541 740 3623; x_wconf 87' lang='lat' dir='ltr'>gratiam,</span> <span class='ocrx_word' id='word_1_230' title='bbox 771 3542 833 3603; x_wconf 90' lang='lat' dir='ltr'>sed</span> <span class='ocrx_word' id='word_1_231' title='bbox 868 3541 1069 3604; x_wconf 89' lang='lat' dir='ltr'>secundum</span> <span class='ocrx_word' id='word_1_232' title='bbox 1102 3540 1281 3603; x_wconf 90' lang='lat' dir='ltr'>debitum.</span> 
     </span>
     <span class='ocr_line' id='line_1_30' title="bbox 151 3643 1285 3728; baseline 0.003 -24"><span class='ocrx_word' id='word_1_233' title='bbox 151 3643 183 3705; x_wconf 92' lang='lat' dir='ltr'>ei</span> <span class='ocrx_word' id='word_1_234' title='bbox 206 3662 304 3725; x_wconf 89' lang='lat' dir='ltr'>uero,</span> <span class='ocrx_word' id='word_1_235' title='bbox 327 3645 389 3727; x_wconf 89' lang='lat' dir='ltr'>qui</span> <span class='ocrx_word' id='word_1_236' title='bbox 413 3662 482 3708; x_wconf 90' lang='lat' dir='ltr'>non</span> <span class='ocrx_word' id='word_1_237' title='bbox 506 3649 697 3728; x_wconf 89' lang='lat' dir='ltr'>operatur,</span> <span class='ocrx_word' id='word_1_238' title='bbox 721 3645 890 3708; x_wconf 89' lang='lat' dir='ltr'>credenti</span> <span class='ocrx_word' id='word_1_239' title='bbox 914 3649 1035 3708; x_wconf 91' lang='lat' dir='ltr'>autem</span> <span class='ocrx_word' id='word_1_240' title='bbox 1052 3646 1088 3709; x_wconf 93' lang='lat' dir='ltr'>in</span> <span class='ocrx_word' id='word_1_241' title='bbox 1106 3662 1200 3723; x_wconf 92' lang='lat' dir='ltr'>eum,</span> <span class='ocrx_word' id='word_1_242' title='bbox 1224 3646 1285 3724; x_wconf 91' lang='lat' dir='ltr'>qui</span> 
     </span>
     <span class='ocr_line' id='line_1_31' title="bbox 152 3746 1337 3832; baseline 0.004 -24"><span class='ocrx_word' id='word_1_243' title='bbox 152 3746 336 3813; x_wconf 84' lang='lat' dir='ltr'>iustificat</span> <span class='ocrx_word' id='word_1_244' title='bbox 362 3749 532 3832; x_wconf 79' lang='lat' dir='ltr'>impium,</span> <span class='ocrx_word' id='word_1_245' title='bbox 559 3750 757 3830; x_wconf 89' lang='lat' dir='ltr'>reputatur</span> <span class='ocrx_word' id='word_1_246' title='bbox 784 3748 881 3811; x_wconf 82' lang='lat' dir='ltr'>fides</span> <span class='ocrx_word' id='word_1_247' title='bbox 909 3749 987 3811; x_wconf 91' lang='lat' dir='ltr'>eius</span> <span class='ocrx_word' id='word_1_248' title='bbox 1019 3749 1062 3811; x_wconf 92' lang='lat' dir='ltr'>ad</span> <span class='ocrx_word' id='word_1_249' title='bbox 1088 3748 1282 3811; x_wconf 89' lang='lat' dir='ltr'>iustitiam.</span> <span class='ocrx_word' id='word_1_250' title='bbox 1311 3774 1337 3813; x_wconf 85' lang='lat' dir='ltr'>eo</span> 
     </span>
     <span class='ocr_line' id='line_1_32' title="bbox 151 3850 1285 3936; baseline 0.004 -24"><span class='ocrx_word' id='word_1_251' title='bbox 151 3850 268 3915; x_wconf 90' lang='lat' dir='ltr'>addunt</span> <span class='ocrx_word' id='word_1_252' title='bbox 298 3854 407 3917; x_wconf 88' lang='lat' dir='ltr'>etiarn:</span> <span class='ocrx_word' id='word_1_253' title='bbox 442 3853 473 3915; x_wconf 89' lang='lat' dir='ltr'>si</span> <span class='ocrx_word' id='word_1_254' title='bbox 501 3856 624 3917; x_wconf 87' lang='lat' dir='ltr'>autem</span> <span class='ocrx_word' id='word_1_255' title='bbox 654 3853 776 3936; x_wconf 88' lang='lat' dir='ltr'>gratia</span> <span class='ocrx_word' id='word_1_256' title='bbox 806 3871 876 3916; x_wconf 93' lang='lat' dir='ltr'>non</span> <span class='ocrx_word' id='word_1_257' title='bbox 907 3871 946 3915; x_wconf 82' lang='lat' dir='ltr'>cu</span> <span class='ocrx_word' id='word_1_258' title='bbox 977 3851 1166 3934; x_wconf 89' lang='lat' dir='ltr'>operibus,</span> <span class='ocrx_word' id='word_1_259' title='bbox 1198 3852 1285 3916; x_wconf 93' lang='lat' dir='ltr'>alio-</span> 
     </span>
    </p>
   </div>
   <div class='ocr_carea' id='block_1_6' title="bbox 152 4006 1283 4164">
    <p class='ocr_par' dir='ltr' id='par_1_6' title="bbox 152 4006 1283 4164">
     <span class='ocr_line' id='line_1_33' title="bbox 254 4006 1283 4077; baseline -0.001 -15"><span class='ocrx_word' id='word_1_260' title='bbox 254 4007 280 4076; x_wconf 89' lang='grc'>2]</span> <span class='ocrx_word' id='word_1_261' title='bbox 298 4008 378 4063; x_wconf 81' lang='lat' dir='ltr'>Marc.</span> <span class='ocrx_word' id='word_1_262' title='bbox 400 4010 494 4073; x_wconf 82' lang='grc'><strong>14,38.</strong></span> <span class='ocrx_word' id='word_1_263' title='bbox 541 4006 605 4061; x_wconf 83' lang='lat' dir='ltr'>Luc.</span> <span class='ocrx_word' id='word_1_264' title='bbox 619 4010 659 4071; x_wconf 88' lang='grc'>21,</span> <span class='ocrx_word' id='word_1_265' title='bbox 673 4010 714 4063; x_wconf 85' lang='grc'>36.</span> <span class='ocrx_word' id='word_1_266' title='bbox 763 4008 790 4077; x_wconf 87' lang='lat'>5]</span> <span class='ocrx_word' id='word_1_267' title='bbox 810 4007 905 4061; x_wconf 86' lang='lat' dir='ltr'>Matth.</span> <span class='ocrx_word' id='word_1_268' title='bbox 927 4010 966 4072; x_wconf 85' lang='grc'>17,</span> <span class='ocrx_word' id='word_1_269' title='bbox 979 4009 1020 4062; x_wconf 85' lang='grc'>20.</span> <span class='ocrx_word' id='word_1_270' title='bbox 1069 4007 1114 4076; x_wconf 84' lang='grc'>25]</span> <span class='ocrx_word' id='word_1_271' title='bbox 1134 4006 1283 4071; x_wconf 71' lang='lat' dir='ltr'>Romae.</span> 
     </span>
     <span class='ocr_line' id='line_1_34' title="bbox 152 4092 706 4164; baseline 0.005 -18"><span class='ocrx_word' id='word_1_272' title='bbox 152 4092 197 4160; x_wconf 80' lang='grc'>27]</span> <span class='ocrx_word' id='word_1_273' title='bbox 217 4092 289 4148; x_wconf 84' lang='lat' dir='ltr'>Rom.</span> <span class='ocrx_word' id='word_1_274' title='bbox 307 4093 412 4163; x_wconf 81' lang='lat' dir='ltr'>4,&#39;4sq.</span> <span class='ocrx_word' id='word_1_275' title='bbox 466 4095 512 4164; x_wconf 88' lang='lat'>31]</span> <span class='ocrx_word' id='word_1_276' title='bbox 531 4096 608 4149; x_wconf 85' lang='lat' dir='ltr'>Rom.</span> <span class='ocrx_word' id='word_1_277' title='bbox 628 4099 668 4159; x_wconf 93' lang='grc'>11,</span> <span class='ocrx_word' id='word_1_278' title='bbox 682 4099 706 4149; x_wconf 84' lang='grc'>6.</span> 
     </span>
    </p>
   </div>
   <div class='ocr_carea' id='block_1_7' title="bbox 154 4230 1287 4391">
    <p class='ocr_par' dir='ltr' id='par_1_7' title="bbox 154 4230 1287 4391">
     <span class='ocr_line' id='line_1_35' title="bbox 194 4230 1284 4303; baseline -0.001 -19"><span class='ocrx_word' id='word_1_279' title='bbox 194 4231 360 4288; x_wconf 86' lang='lat' dir='ltr'>3babemini</span> <span class='ocrx_word' id='word_1_280' title='bbox 377 4236 405 4289; x_wconf 93' lang='lat' dir='ltr'><strong><em>P</em></strong></span> <span class='ocrx_word' id='word_1_281' title='bbox 467 4234 630 4303; x_wconf 75' lang='lat' dir='ltr'>afugireP</span> <span class='ocrx_word' id='word_1_282' title='bbox 690 4236 722 4289; x_wconf 82' lang='lat' dir='ltr'>lo</span> <span class='ocrx_word' id='word_1_283' title='bbox 740 4233 939 4286; x_wconf 79' lang='lat' dir='ltr'>commiscuerit</span> <span class='ocrx_word' id='word_1_284' title='bbox 959 4234 985 4285; x_wconf 84' lang='lat' dir='ltr'><strong><em>P</em></strong></span> <span class='ocrx_word' id='word_1_285' title='bbox 1047 4234 1077 4287; x_wconf 85' lang='grc'>12</span> <span class='ocrx_word' id='word_1_286' title='bbox 1096 4230 1284 4300; x_wconf 81' lang='lat' dir='ltr'>depraehendi-</span> 
     </span>
     <span class='ocr_line' id='line_1_36' title="bbox 154 4318 1287 4391; baseline 0 -21"><span class='ocrx_word' id='word_1_287' title='bbox 154 4321 197 4370; x_wconf 89' lang='lat' dir='ltr'>tnr</span> <span class='ocrx_word' id='word_1_288' title='bbox 216 4320 243 4372; x_wconf 90' lang='lat' dir='ltr'><strong><em>P</em></strong></span> <span class='ocrx_word' id='word_1_289' title='bbox 288 4324 319 4376; x_wconf 89' lang='lat'>13</span> <span class='ocrx_word' id='word_1_290' title='bbox 337 4323 501 4391; x_wconf 86' lang='lat' dir='ltr'>appareatP</span> <span class='ocrx_word' id='word_1_291' title='bbox 552 4320 766 4388; x_wconf 83' lang='lat' dir='ltr'>transfiguratP</span> <span class='ocrx_word' id='word_1_292' title='bbox 816 4323 849 4375; x_wconf 79' lang='lat'>20</span> <span class='ocrx_word' id='word_1_293' title='bbox 869 4324 986 4389; x_wconf 86' lang='lat' dir='ltr'>reposcet</span> <span class='ocrx_word' id='word_1_294' title='bbox 1004 4320 1110 4388; x_wconf 86' lang='lat' dir='ltr'>scripsi,</span> <span class='ocrx_word' id='word_1_295' title='bbox 1130 4318 1241 4386; x_wconf 87' lang='lat' dir='ltr'>reposcit</span> <span class='ocrx_word' id='word_1_296' title='bbox 1260 4318 1287 4370; x_wconf 92' lang='lat' dir='ltr'><strong><em>P</em></strong></span> 
     </span>
    </p>
   </div>
   <div class='ocr_carea' id='block_1_8' title="bbox 153 4404 1128 4545">
    <p class='ocr_par' dir='ltr' id='par_1_8' title="bbox 153 4404 1128 4545">
     <span class='ocr_line' id='line_1_37' title="bbox 153 4404 956 4476; baseline 0.002 -17"><span class='ocrx_word' id='word_1_297' title='bbox 153 4407 187 4459; x_wconf 84' lang='grc'>22</span> <span class='ocrx_word' id='word_1_298' title='bbox 205 4404 368 4462; x_wconf 73' lang='lat' dir='ltr'>dirimuntur</span> <span class='ocrx_word' id='word_1_299' title='bbox 386 4409 413 4462; x_wconf 92' lang='lat' dir='ltr'><em>P</em></span> <span class='ocrx_word' id='word_1_300' title='bbox 458 4412 491 4463; x_wconf 82' lang='grc'>27</span> <span class='ocrx_word' id='word_1_301' title='bbox 511 4408 604 4461; x_wconf 88' lang='lat' dir='ltr'>mercis</span> <span class='ocrx_word' id='word_1_302' title='bbox 623 4409 651 4460; x_wconf 88' lang='lat' dir='ltr'><strong><em>P</em></strong></span> <span class='ocrx_word' id='word_1_303' title='bbox 692 4411 726 4462; x_wconf 79' lang='grc'>29</span> <span class='ocrx_word' id='word_1_304' title='bbox 745 4408 818 4476; x_wconf 82' lang='lat' dir='ltr'>ruere}</span> <span class='ocrx_word' id='word_1_305' title='bbox 839 4410 926 4460; x_wconf 77' lang='lat' dir='ltr'>arctam</span> <span class='ocrx_word' id='word_1_306' title='bbox 940 4425 956 4461; x_wconf 85' lang='lat' dir='ltr'>c</span> 
     </span>
     <span class='ocr_line' id='line_1_38' title="bbox 204 4496 1128 4545; baseline 0.003 -6"><span class='ocrx_word' id='word_1_307' title='bbox 204 4499 257 4543; x_wconf 81' lang='lat' dir='ltr'>xxl.</span> <span class='ocrx_word' id='word_1_308' title='bbox 270 4502 340 4545; x_wconf 69' lang='lat' dir='ltr'>usust.</span> <span class='ocrx_word' id='word_1_309' title='bbox 1113 4496 1128 4542; x_wconf 89' lang='grc'>2</span> 
     </span>
    </p>
   </div>
   <div class='ocr_carea' id='block_1_9' title="bbox 0 0 1556 4892">
    <p class='ocr_par' dir='ltr' id='par_1_9' title="bbox 0 0 1556 4892">
     <span class='ocr_line' id='line_1_39' title="bbox 0 0 1556 4892; baseline 0 0"><span class='ocrx_word' id='word_1_310' title='bbox 0 0 1556 4892; x_wconf 95' lang='lat' dir='ltr'> </span> 
     </span>
    </p>
   </div>
  </div>
 </body>
</html>
