3100 4892
630 368 728 424 Liber
744 370 773 424 11
792 374 867 426 7-8.
1259 373 1316 438 151

183 543 319 608 fluminis
342 545 387 609 tui
410 550 442 609 et
462 546 562 628 gloria
584 550 647 609 tua.
686 549 741 609 tua
763 550 874 610 natura
898 551 955 626 est,
979 567 1067 629 quae,
1091 550 1171 612 sicut
1194 550 1317 613 initium

184 647 290 728 nescit,
313 647 385 732 <ital
407 649 484 713 nihil
507 667 526 712 a
547 651 647 732 prlore
671 651 819 734 suscepit.

705 875 792 940 VIII.

185 1039 234 1079 UBI
254 1037 402 1078 TEMPLUM
422 1037 475 1077 nni
497 1037 645 1078 TEMPLUM
665 1036 740 1077 ESSE
761 1037 871 1078 SANCTI
895 1037 1034 1079 SPIRITUS
1057 1039 1316 1083 DEMONS'I'RATUR.

224 1172 442 1237 Habitatorem
472 1172 572 1236 cordis
601 1173 731 1236 humani
760 1189 850 1236 sacra
879 1172 1001 1254 eloquia
1028 1175 1151 1256 proprie
1174 1175 1317 1258 spiritum
1356 1203 1369 1242 a

182 1280 325 1342 sanctum
351 1295 420 1341 esse
446 1275 610 1343 definiunt:
643 1275 761 1357 dabit,
793 1276 904 1358 inquit,
935 1277 1041 1342 uobis
1071 1281 1177 1360 pater
1204 1279 1317 1343 ulium
1371 1349 1374 1355 ,

180 1382 422 1464 paracletum,
452 1385 493 1446 ut
519 1385 668 1445 maneat
697 1379 890 1444 nobiscum
920 1381 955 1445 in
987 1385 1193 1463 aeternum,
1224 1383 1317 1448 etad

182 1486 372 1552 Corinthios:
404 1486 622 1551 uiuificabit
651 1489 687 1550 et
715 1486 890 1550 mortalia
913 1505 1067 1570 corpora
1088 1491 1216 1552 uestra
1237 1505 1318 1571 pro-

180 1596 261 1677 pter
289 1590 570 1656 Inhabitantem
600 1590 775 1673 spiritum
805 1591 884 1655 eius
911 1590 1087 1656 innubis.
1134 1595 1165 1656 et
1187 1592 1255 1656 ideo
1279 1592 1316 1656 de

181 1697 292 1781 spiritu
321 1698 430 1760 sancto
460 1695 670 1778 conscriptum
699 1699 783 1759 recte
813 1695 1039 1778 Intellegimus:
1073 1713 1228 1780 regnum
1259 1697 1316 1761 dei
1344 1724 1370 1763 10

179 1801 279 1866 intra
300 1818 366 1865 uos
389 1803 454 1866 est.
489 1799 539 1864 dei
560 1800 667 1882 utique
690 1803 765 1864 sunt
786 1817 929 1883 regnum,
953 1800 1005 1882 qui
1029 1801 1056 1864 ei
1079 1819 1112 1864 se
1131 1819 1317 1883 praeparare
1388 1851 1391 1858 ,

182 1909 341 1971 merentur
370 1905 402 1969 in
433 1905 587 1988 templum
617 1905 667 1968 dei
696 1905 814 1988 utique,
848 1921 910 1968 non
941 1907 1110 1968 creaturae.
1159 1905 1232 1969 nudi
1261 1925 1317 1988 per

180 2011 354 2094 apostolum
377 2009 561 2074 habitatoris
585 2011 683 2073 nostri
706 2027 831 2073 uocem:
861 2026 926 2072 uos
950 2009 1058 2089 estis,
1088 2010 1200 2091 inquit,
1228 2013 1317 2074 tem-

178 2117 277 2199 plum
313 2114 371 2178 dei
405 2114 483 2178 uiui
518 2117 554 2178 et
588 2113 746 2196 spiritus
781 2113 838 2176 dei
872 2111 1091 2192 habitatin
1125 2113 1250 2195 uobis,
1285 2119 1316 2178 ct

179 2220 236 2284 allo
259 2220 341 2284 loco:
370 2219 472 2284 sicut
494 2217 583 2282 dens
606 2217 713 2282 dicit:
736 2216 957 2282 inhabitabo
979 2217 1017 2282 in
1040 2217 1118 2282 illis
1143 2221 1178 2281 et
1199 2218 1315 2282 inam·
1342 2244 1367 2284 ιι

179 2323 314 2388 bulabo
345 2326 382 2387 ct
411 2340 472 2387 ero
494 2322 642 2387 illorum
666 2322 764 2385 deus.
811 2340 881 2386 ecce
904 2322 980 2406 ipse,
1004 2322 1057 2404 qni
1080 2323 1234 2405 templum
1257 2324 1315 2387 hu-

178 2429 263 2492 mani
293 2427 395 2492 cordis
424 2426 595 2507 inhabitat,
630 2426 723 2491 deum
757 2445 791 2490 se
825 2445 894 2490 esse
927 2427 1117 2509 pronuntiat.
1173 2426 1314 2516 Ananias

177 2534 257 2598 inter
286 2549 350 2613 eos,
381 2531 436 2613 qui
467 2530 655 2595 honorantes
678 2531 772 2594 deum
796 2531 833 2594 de
857 2531 921 2594 suls
943 2531 1034 2595 iustis
1056 2529 1215 2595 laboribus
1238 2549 1314 2596 uen-

177 2636 291 2702 debant
320 2634 514 2700 substantias
545 2653 618 2699 snas
641 2638 674 2698 et
695 2634 855 2718 ponebant
877 2639 950 2698 ante
972 2635 1067 2717 pedes
1091 2635 1313 2717 apostolorum,

177 2742 231 2806 deo
260 2743 371 2806 uotum
399 2740 581 2822 promisisse
611 2740 808 2822 cognoscitur
831 2743 863 2803 ot
886 2739 1006 2823 spiritui
1029 2743 1137 2803 saneto
1160 2741 1312 2804 ment'tus
1339 2765 1365 2804 ιο

177 2846 325 2930 arguitur,
349 2845 432 2910 sieut
453 2844 564 2908 Petrus
588 2844 747 2927 apostolus
767 2844 825 2909 ait:
850 2842 1010 2924 Anania,
1033 2862 1096 2907 cur
1111 2845 1313 2927 temptauit

176 2950 332 3016 Satanas
362 2967 424 3014 cor
452 2953 556 3014 tuum
583 2949 737 3013 mentiri
761 2954 797 3013 te
821 2948 974 3032 spiritui
997 2952 1149 3012 sancto?
1184 2954 1215 3013 et
1238 2948 1312 3012 sub-

176 3059 299 3120 secutus
330 3054 456 3119 adiecit:
490 3071 562 3118 non
597 3073 635 3117 es
664 3053 878 3118 hominibus
909 3055 1105 3134 mentituS,
1140 3053 1203 3117 sed
1234 3054 1310 3118 deo.

175 3159 245 3241 quid
277 3163 326 3223 est
350 3158 429 3223 hoc?
473 3159 505 3222 in
528 3163 699 3222 creatorem
722 3161 829 3241 peccat
854 3161 886 3222 et
908 3157 950 3220 ita
973 3157 1126 3238 scriptura
1147 3160 1310 3240 peccatum

176 3263 237 3328 eius
260 3265 414 3343 attenuat,
437 3267 473 3326 ut
495 3281 566 3326 eum
589 3263 674 3326 iuxta
696 3261 865 3344 impietatis
889 3280 1017 3326 sensum
1041 3265 1200 3326 creaturae
1220 3280 1309 3326 reum
1336 3285 1362 3326 ee

275 3469 512 3540 amoenamus.
558 3469 762 3539 uuonan.
810 3445 1034 3536 nupciarum.
1077 3467 1308 3536 rarroorano.

177 3558 219 3628 re]
236 3556 324 3614 acor.
338 3559 363 3623 e,
376 3559 416 3613 ro.
470 3557 516 3626 ar]
535 3556 593 3611 nce.
607 3559 631 3620 5,
644 3558 669 3610 3.
722 3555 769 3625 ea]
788 3555 846 3610 net.
861 3557 885 3620 5,
897 3557 922 3610 l.

217 3755 316 3819 lquao
334 3768 420 3806 omo
473 3748 583 3801 inicium
602 3747 842 3816 Purpurione
894 3747 966 3802 ana
984 3747 1092 3813 addidi,
1111 3764 1160 3802 om.
1180 3747 1252 3813 libri,
1271 3746 1308 3798 sic

175 3838 262 3893 adue
314 3836 398 3890 nichil
415 3836 443 3891 R
496 3838 653 3889 6sanctum
671 3853 757 3890 oeno
820 3832 959 3887 diffiniunt
978 3834 1005 3887 P
1061 3831 1255 3902 ‘lparaolitum
1272 3831 1307 3900 R,

173 3923 336 3992 paraclytum
359 3924 387 3978 P
449 3922 617 3978 BRomanos
634 3939 658 3988 v,
677 3924 711 3990 cf.
730 3927 822 3977 notum
840 3921 1061 3990 uolpnp.149,2
1127 3922 1158 3974 10
1180 3916 1307 3986 intelligi·

173 4027 228 4064 mus
245 4013 273 4066 P
343 4013 373 4065 ll
397 4025 510 4078 regnum
532 4012 633 4062 sunto
702 4024 729 4060 se
746 4007 858 4076 pparare
880 4008 914 4075 R,
938 4022 1106 4076 sempparare
1125 4007 1158 4075 P,
1183 4021 1307 4074 parerer

173 4101 202 4153 14
220 4098 261 4152 dei
284 4097 340 4176 uiui
358 4096 464 4166 culpat,
486 4095 574 4150 diuini
592 4095 626 4162 R,
649 4093 691 4147 uei
715 4095 742 4147 Ρ
813 4097 843 4148 15
862 4093 889 4146 in
912 4100 975 4148 ante
998 4092 1050 4146 alio
1072 4094 1171 4147 auimo
1241 4089 1306 4145 dicit

173 4210 232 4264 deus
250 4213 278 4266 P
322 4177 480 4263 ¹¹³ambulabo
498 4209 526 4264 R
545 4209 589 4275 (iu
606 4226 679 4286 oron.
692 4208 750 4274 ult.)
804 4209 838 4262 20
856 4206 1022 4276 promississe
1040 4207 1067 4260 R
1120 4203 1305 4272 agnoscituru

172 4330 197 4378 et
212 4342 297 4382 oum
349 4322 445 4393 spiritu
463 4322 491 4377 P
546 4325 580 4378 22
598 4289 651 4391 spu
665 4321 693 4375 P
708 4321 733 4388 (i
751 4321 896 4388 mauult.)
949 4320 983 4376 23
1000 4319 1129 4374 mentitus
1147 4333 1207 4376 esu
