3100 4892
643 437 886 506 Prolegomena.
1245 432 1336 486 XXIX

195 635 263 680 esse
295 616 429 696 uidetur,
461 633 499 679 11
528 614 680 679 Gennadii
712 613 816 677 uerbis
847 616 969 676 exstare
1000 612 1060 676 alia
1082 611 1192 675 Fausti
1222 611 1339 692 scripta

194 721 234 784 ab
258 721 337 804 ipso,
368 720 450 802 quod
473 720 605 784 necdum
628 719 766 803 legisset,
798 736 861 782 non
883 718 1046 782 nominata
1075 716 1204 780 dicentis
1227 716 1338 780 abuta-

193 843 265 888 mur
293 825 401 907 aisqua
429 823 492 888 nixi
519 824 635 906 scripta
662 827 703 903 ct,
731 840 810 905 quae
834 822 896 886 alio
917 821 1043 886 nomine
1066 823 1199 900 exstant,
1222 820 1338 884 tradita

195 933 228 993 11
258 929 431 1012 deperdita,
463 945 595 1010 quorum
626 927 737 991 titulus
768 926 820 990 uel
847 926 958 990 notitia
979 929 1104 990 tantum
1126 925 1166 988 ad
1188 943 1245 988 nos
1267 942 1338 1006 per-

195 1033 296 1114 uenit,
320 1033 435 1097 Fausto
458 1032 680 1116 impingamus.
720 1031 797 1094 satis
820 1049 975 1114 superque
998 1031 1082 1094 enim
1105 1030 1338 1093 demonstrasse

194 1138 285 1202 nobis
308 1137 452 1202 uidemur
476 1135 675 1201 Gennadium
698 1134 938 1218 diligentissime
961 1134 1071 1199 Fausti
1093 1151 1186 1216 opera
1209 1151 1337 1197 enume-

194 1243 328 1322 rauisse,
353 1241 466 1324 quippe
489 1241 541 1323 qui
564 1241 616 1304 uel
639 1241 755 1323 scripta
775 1239 898 1303 minuta
917 1239 1006 1303 uelut
1026 1239 1167 1322 singulas
1188 1236 1337 1320 epistulas

193 1345 380 1410 nominatim
404 1344 529 1409 afferret
552 1348 585 1434 ot
598 1361 714 1428 paucas
731 1347 855 1407 tautum
871 1343 1032 1426 epistulas,
1055 1362 1095 1406 ne
1110 1342 1224 1425 longus
1240 1341 1337 1421 lieret,

193 1454 288 1532 atque
308 1450 463 1531 homilias,
487 1450 580 1532 quod,
604 1466 663 1531 quo
685 1452 827 1532 tempore
847 1449 1024 1530 catalogum
1039 1447 1174 1530 scripsit,
1199 1445 1337 1510 nondum

193 1555 298 1618 editae
313 1557 412 1633 erant,
436 1554 601 1619 omitteret.
641 1571 736 1635 quam
752 1551 791 1617 ob
809 1571 875 1615 rem
892 1551 1045 1617 Gennadii
1060 1551 1222 1614 silentium
1240 1550 1278 1613 de
1299 1550 1337 1612 iis

193 1658 351 1740 operibus
380 1675 459 1740 quae
486 1658 593 1722 statim
617 1656 834 1736 tractabimus,
862 1656 939 1720 mihi
965 1655 1090 1737 quidem
1112 1654 1337 1738 grauissimum

119 1837 128 1848 ¹
193 1766 418 1846 argumentum
442 1766 500 1842 est,
531 1780 592 1844 quo
622 1764 783 1844 permotus
807 1778 844 1823 ea
866 1760 982 1823 Fausto
1011 1758 1195 1823 abiudicem.
1235 1776 1336 1840 neque

193 1867 363 1947 assentiar,
387 1867 413 1930 si
436 1866 514 1930 mihi
537 1865 685 1930 obieceris
709 1865 851 1948 catalogo
874 1864 928 1928 illo
952 1883 970 1928 1
992 1862 1155 1928 Gennadio
1177 1863 1242 1926 iam
1264 1880 1337 1926 con-

193 1971 278 2035 lecto
302 1969 344 2054 (a.
361 1968 439 2055 480)
463 1971 615 2034 Faustum
638 1969 756 2052 aliquid
779 1969 974 2033 conscribere
997 1968 1145 2051 potuisse.
1184 1985 1260 2032 1111
1281 1985 1337 2049 po·

194 2075 258 2140 luit
282 2079 315 2139 et
337 2075 487 2159 epistulas
510 2075 687 2159 posthunc
711 2092 830 2138 annum
853 2073 985 2157 scriptas
1008 2073 1068 2155 ipsi
1089 2073 1182 2138 modo
1209 2090 1337 2135 enume-

194 2180 349 2260 rauimus,
381 2180 435 2243 sed
459 2179 612 2244 Faustum
644 2182 711 2243 tum
742 2179 910 2242 minimum
941 2177 1219 2260 septuagenarium
1242 2179 1274 2240 et
1304 2175 1335 2238 in

193 2283 302 2347 exsilio
314 2285 476 2348 uiuentem
488 2283 607 2362 maiora
618 2301 713 2365 opera
728 2283 891 2366 scripsisse
907 2282 958 2345 uix
974 2281 1155 2346 uerisimile
1171 2284 1220 2346 est
1234 2299 1336 2362 neque

193 2406 386 2470 quemquam
408 2388 564 2452 Faustum
594 2390 698 2451 aetate
728 2390 795 2450 tam
826 2390 974 2470 prouecta
1003 2372 1057 2450 illa
1087 2386 1204 2469 scripta
1233 2385 1337 2449 conci·

191 2493 334 2574 piantem
358 2492 419 2556 sibi
442 2491 567 2556 finxisse
591 2491 731 2556 memini.

238 2595 282 2660 nt
305 2595 467 2662 Sidonium
490 2595 599 2660 Fausti
623 2597 786 2678 aequalem
805 2599 968 2678 opponunt
987 2595 1047 2659 uiri
1072 2595 1153 2660 docti
1173 2594 1335 2660 Gennadio

193 2704 226 2766 11
251 2701 380 2766 laudare
411 2721 482 2766 eum
512 2703 627 2784 partim
658 2701 844 2784 opusculum
872 2701 1068 2784 deperditum
1095 2701 1209 2783 partim
1237 2720 1335 2783 usque

193 2805 297 2870 adhuc
317 2806 396 2870 falso
415 2806 542 2870 nomine
558 2806 748 2888 impressum
764 2805 958 2869 contendunt
973 2804 1126 2869 dicentem
1140 2803 1336 2887 (11.1ΤΠΠ9

192 2931 224 2993 p.
240 2908 312 2990 157,
327 2908 439 2994 30L.):
466 2908 598 2995 legimus
613 2930 694 2995 opus
711 2908 974 2995 operosissimum
987 2907 1172 2992 multiplexit,
1193 2930 1335 2971 111111-

194 3011 300 3090 blicae,
321 3013 478 3099 digestum
493 3012 602 3076 titulis
623 3011 839 3099 coemptisque
858 3022 1048 3098 congestum,
1070 3011 1260 3097 bipertitum
1274 3011 1334 3074 sud

194 3115 323 3203 dialogi
333 3119 496 3195 schemam,
507 3115 567 3180 sub
579 3139 755 3180 causarum
768 3118 903 3180 themate
915 3116 1203 3202 quadripertitum.
1233 3117 1335 3202 scrip-

193 3243 284 3284 seras
301 3230 406 3285 autem
416 3220 569 3307 plurima
584 3221 737 3286 ardenter
748 3219 857 3307 plura
867 3242 1029 3306 pompose,
1051 3220 1248 3306 simpliciter
1270 3221 1335 3284 ista

192 3347 252 3388 uec
273 3325 403 3404 rustice,
426 3336 541 3413 argute
560 3325 624 3390 illa
645 3347 702 3390 uec
722 3323 852 3403 collide,
875 3325 997 3411 grauia
1016 3335 1144 3389 mature
1158 3325 1334 3412 profunda

191 3429 343 3508 sollicite,
368 3429 471 3494 dubia
486 3440 668 3495 constanter
683 3439 911 3516 argumentosa
926 3430 1156 3515 disputatorie,
1177 3429 1335 3516 quasdem

190 3555 304 3598 seuere
327 3534 499 3620 quaepiam
522 3534 650 3612 blande,
677 3544 795 3598 cuncta
816 3533 986 3598 ruorelitsr
1009 3533 1085 3598 lecte
1104 3533 1334 3620 1111111111-

191 3638 408 3724 pacatissime.
432 3659 510 3723 quac
526 3640 623 3704 uerba
638 3639 794 3724 (inprimis
811 3637 1002 3724 bipertitum
1021 3637 1081 3702 sub
1103 3637 1227 3727 dialogi
1249 3629 1333 3702 11111-

190 3752 287 3820 mate,
302 3741 361 3806 sub
374 3765 551 3808 causarum
563 3745 697 3808 themate
713 3743 1005 3829 quadripertitum)
1020 3746 1058 3809 ad
1069 3745 1164 3810 libros
1181 3746 1218 3809 de
1233 3746 1336 3828 graiis

191 3847 346 3931 quadrare
362 3853 512 3933 negantes
528 3849 590 3931 alii,
607 3854 643 3914 ut
657 3848 840 3914 Sirmondus
855 3849 887 3913 in
903 3851 984 3914 notis
1001 3850 1039 3913 ad
1055 3849 1225 3930 Sidonium,
1242 3868 1334 3932 opus-

191 3952 302 4017 culum
324 3971 342 4016 a
364 3950 490 4018 Sidonio
517 3954 680 4018 laudatum
703 3954 898 4018 intercidisse
925 3957 1113 4034 statuerunt,
1141 3954 1333 4018 Baeumcrns

189 4055 326 4121 Arnobii
348 4058 475 4122 iunioris
492 4057 679 4123 conflictum
702 4059 739 4122 de
760 4059 817 4123 deo
838 4059 920 4123 trino
941 4062 972 4122 et
990 4077 1052 4123 unu
1069 4057 1200 4143 (ldigne,
1216 4059 1332 4124 Patrol.

188 4161 248 4225 lat.
269 4159 345 4224 LIII
371 4158 556 4245 nas-322)
584 4162 692 4226 Fausti
720 4181 790 4226 1111
818 4166 849 4225 11
872 4161 1037 4227 asidonio
1065 4162 1234 4247 significari
1261 4180 1334 4226 con-

188 4265 267 4330 iecit
290 4261 461 4348 (Kallaolils
486 4262 566 4327 1881
591 4285 620 4349 p.
637 4263 702 4328 402
718 4266 811 4349 squ).
851 4266 906 4329 sed
932 4284 995 4330 non
1023 4285 1092 4331 esse
1115 4266 1332 4347 dubitandum,

189 4369 269 4452 quin
285 4368 425 4450 Arncbii,
448 4371 502 4452 qui
525 4370 645 4450 dicitur,
669 4371 833 4435 conflictus
849 4371 965 4435 Fausto
982 4371 1078 4435 tribui
1092 4374 1237 4453 nequeat,
1260 4388 1333 4435 cum
