3100 4892
681 387 747 442 IIII.
767 387 876 440 Sermo
894 387 935 441 26.

751 615 866 680 XXVI.

584 759 687 801 SBRHO
709 760 753 800 DE
777 757 1035 807 nonnusquam.

283 878 448 942 Permotos
479 895 547 940 esse
577 895 634 941 nos
665 875 765 957 credo,
798 875 910 940 fratres
933 874 1139 955 dilectissimi,
1169 891 1225 937 cur
1257 873 1295 936 ad
1326 890 1373 936 su-

240 983 395 1065 periorem
419 980 605 1045 dominicam
629 980 839 1064 percurrimus
864 983 905 1060 et,
933 999 1005 1044 cum
1028 979 1117 1043 hodie
1140 979 1181 1042 sit
1205 979 1271 1041 eius
1295 994 1374 1040 exor-

201 1114 214 1153 s
239 1082 339 1166 dium,
362 1103 417 1149 cur
440 1085 647 1149 festiuitatem
670 1085 737 1149 eins
761 1088 833 1148 ante
856 1102 952 1149 unam
972 1083 1201 1148 hebdomadam
1223 1081 1374 1146 celebrare

240 1190 443 1274 coeperimus.
478 1189 662 1272 reprehendi
678 1208 740 1254 non
756 1193 861 1274 potest
880 1189 1058 1254 obseruatio
1081 1189 1142 1253 ista
1163 1205 1374 1271 praepropera.

241 1294 415 1359 deuotionis
438 1294 522 1358 enim
544 1294 693 1358 iudicium
723 1298 772 1359 est
793 1295 878 1378 prius
901 1295 1004 1378 legem
1034 1293 1160 1376 exsequi
1182 1311 1278 1374 quam
1301 1291 1375 1376 legis

242 1402 360 1463 statuta
379 1414 566 1481 cognoscere
582 1402 614 1462 et
634 1401 706 1462 ante
730 1398 875 1463 oboedire
890 1398 1074 1481 praeceptis
1097 1415 1191 1480 quam
1214 1395 1377 1461 oboedien-

242 1503 304 1567 tiae
326 1506 494 1586 praecepta
516 1504 713 1586 compellant.
751 1503 829 1567 illud
846 1503 930 1567 enim
953 1503 1068 1569 amoris
1092 1507 1151 1583 est,
1174 1502 1233 1566 hoc
1248 1500 1377 1579 timoris,

191 1635 216 1674 to
241 1607 299 1672 hoc
321 1606 508 1689 imperatiue
531 1607 674 1691 exigitur,
705 1607 782 1671 illud
804 1607 947 1691 religiose
978 1607 1126 1686 defertur,
1158 1605 1209 1670 hic
1239 1604 1377 1668 debitum

242 1713 383 1793 soluitur,
407 1712 450 1776 ihi
473 1712 590 1776 donum
614 1711 752 1776 muneris
768 1711 940 1777 exhibetur.
976 1710 1058 1775 unde
1081 1714 1113 1774 et
1128 1729 1184 1774 nos
1199 1709 1378 1792 religiosum

241 1835 356 1880 munus
380 1816 576 1880 exhibuimus
599 1816 667 1896 deo,
691 1816 766 1879 dum
782 1816 918 1899 amplius
941 1815 1159 1880 ieiunauimus.
1195 1811 1377 1896 reprehendi

242 1921 327 1985 enim
348 1939 412 1985 non
434 1923 539 2004 potest
559 1920 709 1984 festinata
730 1920 896 1984 lestiuitas.
942 1939 1065 2003 semper
1088 1919 1170 1983 enim
1198 1920 1231 1982 in
1258 1917 1376 2001 gaudiis

242 2025 446 2089 sollemnitati
469 2027 543 2088 uota
564 2026 772 2107 praeueniunt
795 2028 826 2089 et
848 2025 987 2089 futuram
1010 2024 1163 2088 laetitiam
1183 2023 1307 2087 deuotio
1329 2039 1378 2085 ex-

189 2155 215 2194 n
241 2132 347 2213 optata
370 2128 529 2212 anticipat.
576 2147 639 2194 non
662 2131 763 2194 solum
793 2130 888 2213 igitur
914 2146 977 2194 non
1005 2125 1300 2212 reprehensibiliter,
1327 2124 1378 2189 sed

241 2237 273 2298 et
295 2237 385 2297 cante
408 2234 528 2298 iactum
550 2236 607 2297 est.
653 2253 778 2316 semper
801 2233 885 2298 enim
908 2233 940 2297 in
963 2233 1057 2297 rebus
1081 2231 1237 2315 ambiguis
1261 2231 1378 2313 oportet

241 2336 353 2401 addere
377 2336 493 2419 aliquid
516 2337 651 2421 amplius
675 2337 714 2402 ad
740 2338 906 2418 cantelam,
938 2339 1020 2419 quia,
1049 2337 1129 2420 qnod
1158 2338 1206 2400 est
1235 2335 1378 2418 amplius,

240 2440 335 2506 recidi
357 2444 471 2523 potest,
499 2442 580 2523 quod
603 2442 718 2522 minus,
746 2459 808 2506 non
831 2444 935 2523 potest
957 2441 1144 2525 prolongari,
1168 2440 1250 2504 sicut
1272 2439 1305 2503 in
1324 2439 1378 2503 hac

241 2544 461 2610 obseruatione
488 2544 607 2609 factum
630 2548 687 2609 est.
734 2564 819 2625 nam,
848 2545 929 2627 quod
956 2548 1082 2628 propter
1109 2544 1378 2628 quadragesimam

189 2674 214 2713 so
241 2648 311 2731 plns
333 2649 552 2730 ieiunauimus,
576 2667 639 2714 non
654 2649 825 2714 minuimus
847 2649 1129 2732 quadragesimam,
1153 2648 1278 2731 integra
1300 2647 1379 2711 enim

241 2751 331 2817 nobis
362 2756 478 2817 manet.
524 2753 634 2835 quodsi
664 2754 767 2817 minus
798 2755 1036 2834 ieiunassemns,
1069 2771 1088 2817 a
1117 2769 1248 2817 numero
1279 2751 1379 2816 redin-

240 2859 364 2940 tegrare
388 2874 458 2920 eam
481 2875 543 2921 non
565 2861 744 2941 poteramus
767 2858 807 2922 ad
830 2876 1007 2922 nnmerum.

284 2959 345 3025 Sed
367 2961 499 3025 fortasse
522 2961 598 3025 illud
625 2962 656 3025 in
680 2967 857 3043 causaest,
884 2981 939 3026 cur
965 2962 1126 3042 ieiunium,
1157 2961 1241 3044 quod
1264 2961 1380 3025 ieiuna·

240 3065 356 3146 nimus,
379 3083 442 3130 non
465 3065 608 3148 proficiat
630 3064 721 3130 uobis
745 3066 783 3130 ad
807 3066 1088 3150 quadragesimam.
1126 3064 1267 3149 proficiet
1290 3067 1380 3149 plano

187 3193 213 3234 rs
240 3169 341 3249 nobis,
372 3169 455 3252 quia,
486 3169 546 3234 etsi
574 3188 636 3234 non
663 3169 785 3253 proficit
813 3170 852 3234 ad
879 3171 1163 3254 quadragesimam,
1193 3169 1318 3254 proficit
1343 3169 1380 3232 ad

240 3273 387 3353 salutern,
420 3273 446 3336 si
476 3291 538 3338 non
567 3273 691 3356 proficit
720 3273 966 3356 adnumerum,
1000 3273 1123 3357 proficit
1154 3275 1190 3338 ad
1223 3275 1378 3338 meritum.

240 3377 289 3440 cni
319 3377 404 3441 enim
433 3395 583 3459 nmquam
613 3396 675 3442 non
704 3378 823 3460 profuit
852 3396 950 3459 orare,
982 3378 1097 3462 legere,
1127 3377 1287 3442 ieiunare?
1333 3377 1378 3441 cni

240 3499 302 3546 non
325 3481 443 3566 proluit
472 3483 612 3563 castitas,
644 3482 807 3564 sobrietas,
838 3483 1068 3547 mansuetudo?
1114 3481 1175 3547 nisi
1206 3482 1288 3564 quod
1311 3482 1379 3546 illos

283 3638 409 3692 teneaat
430 3637 475 3692 bic
496 3653 581 3694 amoc
604 3638 635 3692 ia
658 3638 749 3693 codem
771 3638 841 3694 libro
864 3638 1050 3707 ammoneripto
1073 3638 1121 3706 (P)
1148 3653 1200 3707 quo
1227 3637 1380 3693 medaea

239 3724 518 3793 fol.110·;pra'orcm
535 3725 667 3781 sermonis
680 3731 790 3794 partem
806 3741 891 3794 usqooe
908 3724 983 3793 adp.
995 3727 1055 3792 329,
1070 3729 1103 3778 13
1121 3739 1175 3777 non
1187 3723 1263 3778 nouit
1276 3725 1380 3778 Aeaeus

241 3810 408 3866 Parisicaas's
420 3811 493 3878 (121,
505 3815 557 3868 742
568 3812 621 3878 M.)
633 3813 737 3867 ababa
748 3813 780 3866 in
793 3813 861 3868 libro
874 3811 1006 3866 aduersus
1017 3811 1134 3866 Graecos
1146 3829 1167 3866 c.
1180 3813 1240 3879 176,
1249 3811 1379 3879 poseo

240 3913 296 3951 rem
314 3897 467 3952 Dacbcn'aa
485 3898 571 3952 edidit
589 3900 620 3952 in
639 3899 787 3968 Spicilcpic
807 3899 978 3966 (Par.1723)
996 3899 1016 3952 I
1033 3901 1099 3966 215;
1120 3897 1186 3952 item
1204 3912 1292 3951 sermo
1311 3895 1379 3950 undo

241 3999 322 4052 supra
339 3985 367 4037 P
426 3985 443 4038 3
461 3999 530 4051 quur
548 3985 576 4037 P
591 3991 704 4054 utroque
723 3987 780 4041 loco
842 3982 1053 4040 hebdomadam
1071 3985 1099 4039 P
1156 3981 1381 4052 boeperimusP

240 4085 416 4139 praepropera
426 4071 695 4140 amtpai,'poporaP
742 4074 773 4127 lo
787 4069 906 4125 defertur
917 4073 1024 4140 scripsi,
1038 4069 1199 4124 differturP
1246 4073 1277 4127 ll
1297 4068 1380 4124 exiba-

242 4157 286 4210 tur
309 4158 337 4211 P
388 4159 420 4213 12
438 4155 586 4210 exibuimus
604 4159 632 4211 P
684 4161 716 4214 11
734 4157 908 4212 sollemnitati
926 4159 1033 4228 scripsi,
1052 4156 1248 4226 sollempnitate
1267 4159 1296 4212 P
1345 4156 1379 4209 le·

241 4241 332 4296 ficiam
351 4243 379 4297 P
440 4246 471 4300 19
490 4259 552 4297 nam
570 4246 677 4316 scripsi,
695 4261 728 4299 ne
747 4247 774 4300 P
831 4247 861 4302 21
882 4243 1044 4314 reintegrare
1063 4246 1091 4300 P
1145 4247 1179 4300 22
1197 4259 1256 4297 eam
1274 4243 1379 4315 scripsi,

242 4344 303 4385 eum
321 4329 349 4381 P
399 4331 433 4386 23
451 4345 521 4401 quur
538 4331 567 4388 P
