3100 4892
594 457 838 526 Prolegonrena.
1161 457 1281 513 XXXIII

191 631 340 695 Faustum
370 635 440 696 ortu
469 631 656 696 Britannum
687 632 784 696 luisse
814 651 850 696 ex
881 633 947 696 eius
977 631 1122 715 operibus
1150 634 1280 697 minime

155 735 323 817 conieceris,
354 755 412 801 nec
442 741 548 801 tamen
579 737 732 802 sermonis
761 736 863 817 latini,
892 740 928 801 ut
957 737 1003 800 ita
1033 737 1145 818 dicam,
1175 738 1281 821 gallici

153 841 277 923 uestigia
307 841 367 904 nisi
397 859 522 924 pemmo
552 842 584 905 in
615 841 658 905 eis
688 842 880 924 inuestigare
910 842 1085 924 legentibus
1118 842 1278 924 contingit

153 946 349 1028 proprietates
373 947 455 1008 enim
480 945 551 1009 illae
574 945 696 1009 dicendi
718 946 926 1028 plurimorum
948 945 1146 1028 scriptorum,
1174 946 1280 1028 quiin

153 1047 246 1112 Gallia
277 1050 402 1114 saeculo
432 1050 540 1130 quinto
569 1050 724 1130 aixerunt,
755 1050 843 1114 uelut
871 1068 930 1114 uox
959 1047 1122 1111 mediante
1150 1067 1281 1132 praepo·

153 1151 266 1216 sitionis
300 1153 369 1217 uice
403 1157 552 1237 usurpata
582 1154 697 1236 (italice
728 1151 900 1228 mediante,
933 1153 1046 1237 gallice
1077 1162 1279 1237 ampeaaaat,

151 1256 320 1336 germanice
343 1253 489 1340 mittete),
520 1254 596 1318 iada
618 1254 716 1318 istim
739 1254 814 1317 hiae
837 1255 961 1339 (gallice
989 1255 1039 1341 ea)
1062 1257 1130 1320 loco
1157 1256 1280 1338 phrasis

153 1357 185 1420 da
205 1381 251 1437 aa,
279 1358 356 1437 ista,
384 1359 443 1422 hac
466 1382 501 1423 re
523 1361 674 1441 adhibila,
696 1359 747 1422 ita
769 1359 856 1444 quod
876 1380 949 1424 cum
971 1361 1139 1425 indicatiuo
1162 1361 1280 1424 dictum

151 1481 200 1546 pro
228 1462 277 1526 ita
307 1463 384 1549 (sic)
413 1473 450 1527 ut
478 1469 509 1528 et
537 1465 662 1546 similia,
692 1464 809 1529 frustra
838 1465 921 1548 apud
947 1465 1098 1529 Faustum
1128 1465 1281 1547 requiras,

152 1569 224 1648 quod
247 1568 338 1633 facila
361 1569 539 1652 explicatur,
568 1569 594 1632 si
621 1573 804 1652 reputamus
827 1587 1003 1633 sermonem
1027 1569 1183 1652 puriorem
1210 1569 1281 1632 lati·

152 1690 219 1735 num
249 1667 439 1756 scriptorem
463 1677 605 1738 nostrum
632 1673 816 1737 addidicisse
843 1674 875 1737 in
906 1673 1018 1740 scholis
1046 1673 1280 1753 monachorum,

151 1793 205 1839 non
225 1777 255 1840 in
275 1777 438 1860 palaestris
458 1777 628 1857 rhetorum,
648 1795 725 1859 quas
745 1778 807 1841 illis
827 1777 1019 1859 temporibus
1040 1777 1115 1841 satis
1136 1777 1281 1858 frequen-

151 1883 226 1944 tatas
255 1881 353 1944 luisse
384 1879 508 1962 Sidonii,
538 1881 685 1946 Mamerti
717 1881 894 1961 Claudiani,
924 1881 1057 1946 Ilnnodii
1087 1881 1279 1962 aliommque

150 1983 287 2066 operibus
314 1985 515 2070 intellegitur.
555 1987 609 2050 sed
640 1987 677 2050 de
706 1984 767 2050 hac
797 2005 830 2049 re
860 1986 959 2050 fusius
990 1985 1220 2069 disputauimus
1248 1985 1279 2048 in

150 2085 262 2169 libello,
297 2087 583 2175 Uuterauchuupcm
612 2088 691 2152 {ther
722 2088 775 2152 dic
807 2087 952 2174 Spracha
981 2087 1036 2150 des
1069 2085 1278 2151 Claudianus

151 2189 334 2270 Mamertus,
358 2193 560 2258 Uindobonae
585 2191 679 2275 1885,
702 2213 731 2277 p.
756 2191 795 2255 13
816 2212 882 2276 sqq.
927 2194 991 2257 lam
1019 2194 1045 2256 si
1068 2193 1278 2257 addiderimus

150 2293 293 2361 Faustum
317 2317 350 2362 se
374 2297 476 2380 ipsum
500 2297 682 2379 saepissime
706 2297 879 2362 exscribere
899 2297 1038 2380 singulas
1059 2314 1163 2377 uoces,
1186 2297 1279 2379 phra-

150 2417 206 2480 ses,
216 2401 236 2484 ¹)
259 2403 465 2486 sententias2)
489 2401 688 2466 adamantem
709 2403 781 2484 plus
797 2401 895 2466 semel
911 2401 1070 2484 repetitas,
1093 2401 1280 2484 grauissima

148 2520 282 2586 quaeque
298 2505 336 2568 de
357 2505 463 2569 Fausti
487 2505 609 2569 dicendi
631 2525 744 2589 genere
765 2506 908 2570 attulisse
929 2505 1018 2569 nobis
1038 2505 1190 2568 uidemur.
1222 2523 1279 2567 nec

149 2609 248 2672 tamen
277 2608 379 2673 lacere
409 2627 548 2691 possum,
580 2610 654 2691 quin
682 2609 806 2676 Erasmi
833 2609 1032 2674 Roterodami
1062 2609 1210 2672 iudicium
1240 2609 1278 2671 de

149 2709 250 2776 Fausti
269 2712 426 2778 scribendi
445 2718 511 2778 arte
531 2714 671 2796 afferam,
694 2714 745 2797 qui
766 2715 799 2777 in
818 2713 1010 2796 praefatione
1031 2713 1174 2777 editionis
1193 2713 1279 2794 prin-

149 2815 219 2899 cipis
248 2818 399 2883 librorum
429 2819 466 2884 de
496 2819 608 2903 gratia,
639 2837 733 2900 quam
761 2819 883 2883 curauit
909 2817 1052 2882 Basileae
1082 2815 1174 2897 1528,
1201 2817 1278 2880 haec

149 2919 231 2985 dicit:
262 2921 297 2983 im
324 2907 402 2984 stilo
421 2921 532 3006 facile
559 2943 706 3008 apotomes
728 2921 884 3006 phrasim
909 2919 1074 3008 gallicam.
1120 2930 1165 2984 ast
1195 2920 1279 2982 euim

141 3019 280 3104 floridus
309 3047 348 3087 ac
378 3047 567 3090 numerosus
598 3036 627 3089 at
653 3025 819 3089 iucundus
846 3025 949 3111 magis
976 3047 1073 3110 quam
1098 3025 1279 3087 uehemens:

148 3126 267 3208 qualem
289 3128 439 3193 uidemus
463 3130 634 3193 dictioaem
656 3129 821 3193 Eucherii
848 3139 877 3191 et
900 3128 1056 3214 Sulpicii,
1083 3136 1160 3192 mam
1184 3127 1278 3190 Hila-

149 3230 216 3294 riua
233 3283 240 3295 .
258 3283 265 3296 .
281 3233 451 3296 ardentior
473 3244 518 3297 ast
541 3257 596 3298 mec
614 3233 755 3320 perinde
780 3232 959 3296 dilucidus.
995 3233 1047 3295 hic
1064 3231 1207 3295 Faustus
1231 3231 1278 3294 di-

149 3333 288 3400 lucidior
299 3337 447 3416 Hilario,
460 3337 643 3424 simplicior
654 3337 833 3416 Eucherio,
845 3338 992 3400 scuerior
1004 3335 1153 3421 Sulpicio
1164 3335 1278 3398 stilum

148 3439 294 3504 adhibuit
320 3443 366 3506 ad
389 3441 564 3506 docendum
587 3442 804 3528 aptissimum,
827 3441 1051 3527 perspicuum,
1079 3441 1277 3517 distinctum,

149 3539 269 3607 breuem
289 3567 345 3610 uec
367 3546 538 3610 iusuauam
562 3556 676 3611 tautam.
711 3569 749 3608 em
771 3546 893 3609 ueteris
916 3544 1095 3608 testamenti
1118 3543 1225 3618 libris,
1248 3543 1278 3606 si

147 3669 208 3730 qua
230 3649 316 3727 citat,
340 3649 478 3714 adducit
501 3651 598 3714 iurata
622 3649 839 3737 Septuaginta
863 3648 1121 3725 translationem,
1142 3671 1182 3710 aa
1204 3648 1277 3732 quia

148 3749 222 3816 ilico
244 3753 343 3818 radat
365 3755 576 3842 scripturam.

189 4033 207 4098 ¹)
225 4033 281 4086 Iam
303 4033 407 4103 pridem
431 4033 482 4087 ulri
508 4033 578 4088 docti
601 4031 727 4086 uiderunt
748 4032 858 4101 phrases
875 4049 932 4088 aare
949 4034 990 4086 ita
1007 4039 1053 4098 ast,
1074 4032 1121 4086 aad
1139 4031 1217 4100 dicis,
1239 4050 1277 4086 se

148 4120 235 4186 quitur
252 4127 275 4175 et
292 4121 360 4176 dicit
378 4123 406 4174 et
423 4120 522 4174 similia
540 4120 639 4173 Fausto
656 4119 804 4188 peculiares
823 4135 886 4172 essa.

188 4207 208 4274 ²)
226 4207 349 4276 Singulas
361 4208 506 4261 sententias
519 4208 616 4260 ilerum
629 4209 707 4274 atque
721 4207 818 4260 iterum
837 4223 853 4258 a
871 4205 969 4259 Fausto
987 4205 1121 4258 adhibitas
1139 4222 1170 4257 ex
1182 4205 1277 4258 studiis

149 4293 242 4346 nmtris
260 4296 291 4348 de
309 4295 401 4349 Fausti
419 4295 525 4364 scriptis
543 4312 568 4364 p.
582 4299 615 4350 35
629 4309 684 4362 sqq.
704 4297 731 4348 et
749 4311 773 4362 p.
788 4297 821 4348 66
834 4309 889 4361 sqq.
909 4309 1057 4359 cognosces.

197 4492 249 4537 IXl.
261 4493 331 4536 I'sast.
569 4477 573 4486 .
989 4525 994 4532 .
1107 4501 1123 4534 e
1138 4528 1142 4532 .
