3100 4892
619 442 685 498 IIII.
704 443 813 496 Sermo
832 446 873 498 30.
1248 445 1308 510 341

174 617 267 699 aquis
298 634 432 700 agnosoe
462 618 606 701 spiritum
636 623 789 683 sanctum.
836 637 929 702 super
959 638 1053 701 aquas
1083 621 1187 702 itaque
1215 620 1313 684 domi-

174 722 282 786 nantis
313 709 483 787 eminentia
503 722 661 787 terebatur
683 723 747 786 iam
770 726 848 804 tum,
879 724 980 806 eredo,
1011 722 1159 808 baptismi
1181 742 1313 789 munera

172 825 399 909 praefigurans.
445 827 477 891 in
507 826 649 891 faciendo
679 845 800 909 quoque
830 826 956 893 homine
984 847 1017 893 se
1041 847 1102 893 non
1124 827 1226 908 unius,
1258 830 1312 893 sed

173 930 273 994 trium
293 947 500 1012 personarum
522 947 598 1015 opus
622 949 691 996 esse
713 931 908 997 demonstrat
924 933 1006 997 trina
1020 933 1162 1015 repetitio
1178 931 1310 997 deitatis.

171 1037 219 1099 ita
242 1034 326 1098 enim
349 1034 499 1118 legimus:
530 1039 566 1099 et
595 1035 690 1100 dixit
719 1037 824 1100 deus:
855 1036 1036 1101 faciamus
1059 1036 1246 1100 hominem
1269 1037 1312 1100 ad
1351 1063 1364 1104 a

172 1138 377 1222 imaginem
402 1143 438 1203 et
460 1138 748 1204 similitudinem
771 1145 946 1205 nostram.
981 1141 1108 1205 aduerte
1124 1141 1312 1205 sententiam

170 1245 206 1308 in
230 1244 438 1328 propositione
461 1243 646 1327 simplicem,
668 1245 701 1309 in
720 1245 921 1327 responsione
941 1245 1155 1330 multiplicem.
1191 1247 1222 1308 et
1236 1244 1313 1309 dixit

170 1348 266 1413 dens:
290 1348 443 1413 faciamus
466 1348 635 1413 hominem.
670 1350 744 1431 quid
767 1353 816 1414 est
838 1349 932 1430 aliud,
956 1350 1017 1414 nisi
1039 1349 1113 1433 quia
1135 1348 1312 1414 substantia

168 1454 306 1519 unitatis
327 1454 464 1536 loquitur
486 1457 518 1518 et
539 1455 680 1537 potentia
693 1455 843 1518 trinitatis
859 1457 1024 1537 operetur?
1062 1453 1212 1538 perspice,
1236 1471 1312 1536 quo·

169 1559 267 1623 modo
297 1557 381 1622 trina
409 1557 476 1622 uice
503 1575 618 1622 nomen
641 1559 689 1622 dei
711 1558 744 1623 in
767 1559 922 1623 creatione
944 1558 1080 1623 hominis
1103 1561 1309 1641 nuncupatur.
1339 1585 1364 1624 10

169 1663 219 1728 sic
243 1663 328 1726 enim
350 1660 503 1726 habemus
526 1663 559 1726 in
581 1661 710 1727 Genesi:
742 1667 779 1726 et
801 1662 894 1728 dixit
916 1664 1020 1727 deus:
1048 1663 1230 1728 faciamus
1253 1663 1312 1727 ho-

168 1768 326 1847 minem,
343 1765 517 1831 etiterum:
540 1768 685 1831 creauit
699 1767 790 1831 deus
807 1768 1008 1848 hominem,
1026 1771 1058 1832 et
1072 1767 1178 1832 tertio:
1201 1765 1312 1832 bene·

167 1872 270 1937 dixit
297 1871 329 1934 ei
352 1871 452 1935 deus.
494 1871 570 1935 dixit
592 1871 678 1953 deus,
709 1871 784 1937 fecit
805 1871 892 1952 deus,
923 1871 1082 1937 benedixit
1104 1872 1190 1936 deus.
1236 1871 1313 1936 dixit

167 1980 273 2061 pater,
296 1974 371 2040 tecit
392 1975 487 2056 filins,
509 1974 666 2040 benedixit
687 1976 813 2058 spiritus
837 1979 972 2040 senetur.
1007 1980 1133 2060 propter
1155 1979 1219 2039 tres
1241 1994 1311 2058 per-

167 2099 267 2146 sonas
291 2083 338 2144 ter
359 2080 490 2144 iteratur
512 2098 576 2145 una
597 2079 752 2144 diuinitas.
788 2097 849 2163 quo
869 2081 936 2145 loco
957 2080 1112 2145 arridenter
1128 2080 1311 2163 mysterium
1338 2104 1363 2146 rr

166 2185 270 2250 etiam
292 2184 422 2249 unitatis
444 2183 599 2267 intellege.
635 2202 705 2247 eece
724 2184 829 2269 imago
849 2185 899 2249 dei
915 2188 946 2248 et
961 2185 1131 2249 similitudo
1147 2184 1311 2267 unicuique

165 2289 293 2356 homini
323 2305 342 2352 a
371 2287 472 2352 tribus
502 2289 593 2357 datur
623 2291 655 2352 et
682 2291 791 2353 tamen
820 2307 883 2353 una
912 2307 981 2353 osse
1011 2288 1187 2354 dinoscitur.
1235 2288 1312 2353 dixit

165 2395 266 2459 deus:
297 2392 459 2457 faciamus.
506 2367 671 2476 diligenter
701 2393 844 2474 adtende,
875 2393 950 2457 dum
980 2411 1061 2457 unus
1092 2393 1165 2457 dicit
1195 2396 1226 2456 et
1248 2411 1311 2458 non

165 2517 255 2564 unus
279 2497 354 2562 facit
375 2497 512 2578 dumque
534 2497 648 2561 iterum
664 2497 817 2582 singulari
831 2498 950 2581 plurale
965 2498 1133 2581 permiscet
1148 2517 1206 2562 nec
1221 2497 1310 2562 dicit:

165 2603 210 2668 ad
234 2600 389 2684 imagines
413 2604 446 2664 et
468 2601 689 2665 similitudines
712 2607 846 2682 nostrae,
876 2602 927 2666 uel
951 2605 1048 2666 certe:
1080 2602 1119 2666 ad
1140 2601 1311 2685 imaginem
1338 2625 1365 2666 ao

165 2712 202 2772 et
225 2705 465 2770 similitudinem
488 2724 603 2786 meam,
626 2707 779 2773 unitatem
801 2707 1027 2790 singularitate,
1050 2706 1224 2771 trinitatem
1243 2707 1312 2790 pln-

163 2811 298 2877 ralitate
328 2810 536 2874 commendat.
585 2811 689 2891 itaque
719 2812 751 2876 in
783 2829 828 2892 eo,
860 2811 942 2894 quod
972 2811 1060 2874 dicit:
1091 2810 1242 2875 faciamus
1274 2809 1313 2876 ad

164 2919 327 2994 nostmm,
359 2931 563 2998 personarum
594 2932 744 2979 numerus
775 2916 955 3000 explicatur,
986 2915 1019 2978 in
1050 2931 1086 2978 eo
1116 2932 1200 2995 uero,
1231 2915 1313 2997 quod

166 3019 378 3105 singulariter
401 3019 457 3082 ait:
481 3019 521 3083 ad
543 3020 714 3103 imaginem
738 3024 769 3083 et
793 3019 1041 3100 similitudinem,
1065 3019 1097 3083 in
1120 3037 1216 3083 unam
1240 3018 1313 3082 sub-

165 3123 327 3191 stantiam
350 3123 449 3187 delus
471 3123 605 3187 indiuisa
626 3124 790 3206 colligitur.
1339 3146 1365 3186 rr

214 3227 300 3293 (lum
323 3227 470 3293 Abrahae
500 3229 532 3292 in
563 3229 642 3292 ostio
671 3226 866 3292 tabernaculi
897 3227 1091 3311 apparuisset
1120 3227 1196 3291 deus
1223 3231 1255 3292 et
1278 3246 1314 3291 ex

164 3351 236 3399 uno
260 3335 325 3396 tres
349 3332 415 3398 eius
439 3351 473 3396 se
495 3333 592 3396 oculis
615 3333 801 3398 mirabiliter
823 3333 1021 3412 obtulissent,
1044 3333 1075 3395 iu
1095 3331 1194 3395 tribus
1215 3349 1314 3395 unum

164 3436 319 3504 conscius
340 3437 513 3500 maiestatis
537 3436 688 3501 adorauit.
727 3438 758 3500 in
782 3438 912 3520 psalmis
936 3454 1057 3518 quoque
1080 3435 1222 3500 absolute
1244 3455 1314 3518 per·

164 3542 261 3608 sonis
278 3541 344 3605 suis
358 3542 462 3604 unitas
478 3540 672 3624 designatur:
696 3560 741 3604 ne
762 3541 926 3623 proicias
950 3559 1018 3621 me,
1041 3540 1154 3621 inquit,
1178 3559 1196 3603 a
1219 3540 1313 3604 facie

164 3653 238 3713 tua
270 3649 308 3710 et
334 3645 510 3729 spiritum
533 3650 702 3729 sanctum
725 3647 829 3710 tuum
853 3665 896 3708 ne
920 3644 1068 3708 auferas
1093 3663 1111 3708 a
1133 3662 1197 3707 me.
1243 3662 1314 3707 ecce
1339 3666 1366 3705 oo

280 3809 309 3878 5]
327 3807 393 3863 Gen.
409 3809 486 3874 1,26.
559 3808 604 3876 12]
623 3807 687 3862 Gen.
703 3812 726 3874 1,
739 3809 781 3863 27.
854 3807 919 3861 Gen.
935 3811 957 3872 1,
971 3809 1013 3862 28.
1090 3806 1135 3875 26]
1156 3806 1220 3860 Gen.
1236 3808 1275 3870 18,
1291 3809 1312 3862 l.

162 3893 447 3969 291Pee1m.5o‚13.

215 4051 231 4103 l
245 4061 396 4115 super-p.
406 4047 466 4112 342,
475 4048 508 4098 11
521 4043 682 4112 maiestatis]
695 4046 730 4112 cf.
740 4043 837 4098 Fuerat.
848 4043 880 4098 do
891 4045 958 4112 spir.
968 4049 1051 4098 sanct.
1058 4059 1087 4112 p.
1099 4044 1316 4110 roe‚1a-110,4

163 4131 653 4204 saper-domina(ntis)1tiarue.
719 4132 736 4184 3
757 4130 866 4184 homine
889 4147 916 4183 se
938 4147 989 4187 om.
1007 4129 1034 4185 R
1112 4131 1130 4184 9
1151 4128 1270 4197 prospice
1288 4127 1316 4183 R

165 4225 203 4281 13
234 4220 305 4274 dixit
331 4223 551 4289 pater-sanctus
577 4237 628 4275 om.
651 4219 774 4274 Faustae
797 4217 829 4273 dc
851 4219 917 4288 spir.
935 4223 1020 4273 sawt.
1093 4217 1125 4272 16
1148 4214 1266 4283 intellige
1288 4215 1316 4270 R

166 4313 204 4368 18
225 4304 338 4362 attende
355 4306 384 4362 R
448 4309 481 4362 19
500 4304 795 4374 dumque—permiscet
813 4321 863 4361 om.
882 4303 909 4359 R
970 4302 1154 4358 adnostros
1214 4317 1244 4354 ex
1262 4317 1315 4356 uuo

162 4415 222 4456 om.
243 4395 274 4450 R
326 4395 360 4448 27
378 4409 405 4446 se
423 4393 479 4446 eius
496 4393 524 4450 R
576 4391 736 4461 optulissent
752 4393 780 4447 R
833 4393 866 4446 29
885 4390 986 4459 unitas]
1005 4390 1110 4443 trinitas
1129 4389 1157 4444 R
