<?xml version="1.0" encoding="UTF-8"?>
<!DOCTYPE html PUBLIC "-//W3C//DTD XHTML 1.0 Transitional//EN"
    "http://www.w3.org/TR/xhtml1/DTD/xhtml1-transitional.dtd">
<html xmlns="http://www.w3.org/1999/xhtml" xml:lang="en" lang="en">
 <head>
  <title>
</title>
<meta http-equiv="Content-Type" content="text/html;charset=utf-8" />
  <meta name='ocr-system' content='tesseract 3.04.00' />
  <meta name='ocr-capabilities' content='ocr_page ocr_carea ocr_par ocr_line ocrx_word'/>
</head>
<body>
  <div class='ocr_page' id='page_1' title='image "./corpusscriptoru19wiengoog_0243.png"; bbox 0 0 3100 4892; ppageno 0'>
   <div class='ocr_carea' id='block_1_1' title="bbox 587 443 1293 507">
    <p class='ocr_par' dir='ltr' id='par_1_1' title="bbox 587 443 1293 507">
     <span class='ocr_line' id='line_1_1' title="bbox 587 443 1293 507; baseline 0.01 -9"><span class='ocrx_word' id='word_1_1' title='bbox 587 445 684 498; x_wconf 82' lang='lat' dir='ltr'><strong>Liber</strong></span> <span class='ocrx_word' id='word_1_2' title='bbox 700 444 729 498; x_wconf 93' lang='lat' dir='ltr'><strong>Il</strong></span> <span class='ocrx_word' id='word_1_3' title='bbox 749 447 858 500; x_wconf 80' lang='lat'>11-12.</span> <span class='ocrx_word' id='word_1_4' title='bbox 1235 443 1293 507; x_wconf 78' lang='grc'><strong>157</strong></span> 
     </span>
    </p>
   </div>
   <div class='ocr_carea' id='block_1_2' title="bbox 161 618 1348 1958">
    <p class='ocr_par' dir='ltr' id='par_1_2' title="bbox 161 618 1348 1958">
     <span class='ocr_line' id='line_1_2' title="bbox 162 618 1295 703; baseline -0.003 -19"><span class='ocrx_word' id='word_1_5' title='bbox 162 621 250 684; x_wconf 89' lang='lat' dir='ltr'><strong>deum</strong></span> <span class='ocrx_word' id='word_1_6' title='bbox 280 624 385 703; x_wconf 79' lang='lat' dir='ltr'><strong>portat</strong></span> <span class='ocrx_word' id='word_1_7' title='bbox 407 622 438 685; x_wconf 92' lang='lat' dir='ltr'><strong>in</strong></span> <span class='ocrx_word' id='word_1_8' title='bbox 462 637 599 702; x_wconf 85' lang='lat' dir='ltr'><strong>eorpore,</strong></span> <span class='ocrx_word' id='word_1_9' title='bbox 630 637 702 683; x_wconf 89' lang='lat' dir='ltr'><strong>eum</strong></span> <span class='ocrx_word' id='word_1_10' title='bbox 726 638 853 684; x_wconf 83' lang='lat' dir='ltr'><strong>neeesse</strong></span> <span class='ocrx_word' id='word_1_11' title='bbox 874 623 922 683; x_wconf 87' lang='lat' dir='ltr'><strong>est</strong></span> <span class='ocrx_word' id='word_1_12' title='bbox 941 618 1142 702; x_wconf 71' lang='lat' dir='ltr'><strong>corporaliter</strong></span> <span class='ocrx_word' id='word_1_13' title='bbox 1161 621 1295 700; x_wconf 83' lang='lat' dir='ltr'><strong>portare,</strong></span> 
     </span>
     <span class='ocr_line' id='line_1_3' title="bbox 163 725 1297 810; baseline -0.003 -20"><span class='ocrx_word' id='word_1_14' title='bbox 163 744 258 808; x_wconf 86' lang='lat' dir='ltr'><strong>equo</strong></span> <span class='ocrx_word' id='word_1_15' title='bbox 281 727 462 808; x_wconf 77' lang='lat' dir='ltr'><strong>spiritaliter</strong></span> <span class='ocrx_word' id='word_1_16' title='bbox 484 725 689 809; x_wconf 78' lang='lat' dir='ltr'><strong>possidemur.</strong></span> <span class='ocrx_word' id='word_1_17' title='bbox 736 731 927 810; x_wconf 83' lang='lat' dir='ltr'><strong>quapropter</strong></span> <span class='ocrx_word' id='word_1_18' title='bbox 957 744 1051 808; x_wconf 89' lang='lat' dir='ltr'><strong>quem</strong></span> <span class='ocrx_word' id='word_1_19' title='bbox 1082 725 1198 808; x_wconf 89' lang='lat' dir='ltr'><strong>templo</strong></span> <span class='ocrx_word' id='word_1_20' title='bbox 1226 743 1297 807; x_wconf 86' lang='lat' dir='ltr'><strong>per-</strong></span> 
     </span>
     <span class='ocr_line' id='line_1_4' title="bbox 161 828 1296 914; baseline -0.001 -21"><span class='ocrx_word' id='word_1_21' title='bbox 161 831 250 912; x_wconf 87' lang='lat' dir='ltr'><strong>spiois</strong></span> <span class='ocrx_word' id='word_1_22' title='bbox 273 830 414 914; x_wconf 84' lang='lat' dir='ltr'><strong>dignum,</strong></span> <span class='ocrx_word' id='word_1_23' title='bbox 438 831 552 894; x_wconf 91' lang='lat' dir='ltr'><strong>diuinis</strong></span> <span class='ocrx_word' id='word_1_24' title='bbox 574 830 744 894; x_wconf 90' lang='lat' dir='ltr'><strong>honoribus</strong></span> <span class='ocrx_word' id='word_1_25' title='bbox 768 831 893 894; x_wconf 88' lang='lat' dir='ltr'><strong>noueris</strong></span> <span class='ocrx_word' id='word_1_26' title='bbox 910 831 1113 909; x_wconf 81' lang='lat' dir='ltr'><strong>odorandum,</strong></span> <span class='ocrx_word' id='word_1_27' title='bbox 1136 828 1296 893; x_wconf 85' lang='lat' dir='ltr'><strong>eelebren-</strong></span> 
     </span>
     <span class='ocr_line' id='line_1_5' title="bbox 162 933 1296 1018; baseline -0.001 -21"><span class='ocrx_word' id='word_1_28' title='bbox 162 933 228 998; x_wconf 88' lang='lat' dir='ltr'><strong>dum</strong></span> <span class='ocrx_word' id='word_1_29' title='bbox 253 937 345 1016; x_wconf 88' lang='lat' dir='ltr'><strong>uotis,</strong></span> <span class='ocrx_word' id='word_1_30' title='bbox 369 935 527 999; x_wconf 80' lang='lat' dir='ltr'><strong>sacrifieiis</strong></span> <span class='ocrx_word' id='word_1_31' title='bbox 552 934 763 999; x_wconf 78' lang='lat' dir='ltr'><strong>excolendum.</strong></span> <span class='ocrx_word' id='word_1_32' title='bbox 805 935 844 998; x_wconf 83' lang='lat' dir='ltr'><strong>nd</strong></span> <span class='ocrx_word' id='word_1_33' title='bbox 867 934 1078 999; x_wconf 82' lang='lat' dir='ltr'><strong>uniuersalem</strong></span> <span class='ocrx_word' id='word_1_34' title='bbox 1103 952 1175 1018; x_wconf 84' lang='lat' dir='ltr'><strong>ergo</strong></span> <span class='ocrx_word' id='word_1_35' title='bbox 1198 934 1296 1016; x_wconf 88' lang='lat' dir='ltr'><strong>loqui-</strong></span> 
     </span>
     <span class='ocr_line' id='line_1_6' title="bbox 162 1038 1348 1124; baseline 0.001 -22"><span class='ocrx_word' id='word_1_36' title='bbox 162 1042 205 1103; x_wconf 88' lang='lat' dir='ltr'><strong>tur</strong></span> <span class='ocrx_word' id='word_1_37' title='bbox 233 1040 383 1124; x_wconf 80' lang='lat' dir='ltr'><strong>magister</strong></span> <span class='ocrx_word' id='word_1_38' title='bbox 410 1040 554 1122; x_wconf 83' lang='lat' dir='ltr'><strong>gentium</strong></span> <span class='ocrx_word' id='word_1_39' title='bbox 581 1039 758 1103; x_wconf 80' lang='lat' dir='ltr'><strong>eeclesiam:</strong></span> <span class='ocrx_word' id='word_1_40' title='bbox 789 1039 963 1119; x_wconf 85' lang='lat' dir='ltr'><strong>nescitis,</strong></span> <span class='ocrx_word' id='word_1_41' title='bbox 996 1039 1082 1120; x_wconf 83' lang='lat' dir='ltr'><strong>quia</strong></span> <span class='ocrx_word' id='word_1_42' title='bbox 1113 1038 1295 1121; x_wconf 87' lang='lat' dir='ltr'><strong>templum</strong></span> <span class='ocrx_word' id='word_1_43' title='bbox 1336 1065 1348 1103; x_wconf 78' lang='lat' dir='ltr'><strong>e</strong></span> 
     </span>
     <span class='ocr_line' id='line_1_7' title="bbox 162 1141 1296 1225; baseline -0.001 -20"><span class='ocrx_word' id='word_1_44' title='bbox 162 1143 213 1206; x_wconf 88' lang='lat' dir='ltr'><strong>dei</strong></span> <span class='ocrx_word' id='word_1_45' title='bbox 236 1144 329 1207; x_wconf 83' lang='lat' dir='ltr'><strong>estis</strong></span> <span class='ocrx_word' id='word_1_46' title='bbox 353 1147 386 1207; x_wconf 84' lang='lat' dir='ltr'><strong>et</strong></span> <span class='ocrx_word' id='word_1_47' title='bbox 411 1145 567 1225; x_wconf 87' lang='lat' dir='ltr'><strong>spiritus</strong></span> <span class='ocrx_word' id='word_1_48' title='bbox 591 1147 743 1208; x_wconf 85' lang='lat' dir='ltr'><strong>sanetus</strong></span> <span class='ocrx_word' id='word_1_49' title='bbox 764 1141 912 1207; x_wconf 81' lang='lat' dir='ltr'><strong>habitat</strong></span> <span class='ocrx_word' id='word_1_50' title='bbox 931 1145 968 1206; x_wconf 93' lang='lat' dir='ltr'><strong>in</strong></span> <span class='ocrx_word' id='word_1_51' title='bbox 990 1142 1105 1206; x_wconf 88' lang='lat' dir='ltr'><strong>uobis.</strong></span> <span class='ocrx_word' id='word_1_52' title='bbox 1145 1142 1296 1207; x_wconf 87' lang='lat' dir='ltr'><strong>nullihoe</strong></span> 
     </span>
     <span class='ocr_line' id='line_1_8' title="bbox 162 1246 1296 1332; baseline 0 -24"><span class='ocrx_word' id='word_1_53' title='bbox 162 1253 316 1312; x_wconf 76' lang='lat' dir='ltr'><strong>creaturae</strong></span> <span class='ocrx_word' id='word_1_54' title='bbox 338 1247 485 1332; x_wconf 85' lang='lat' dir='ltr'><strong>possibile</strong></span> <span class='ocrx_word' id='word_1_55' title='bbox 509 1253 566 1327; x_wconf 83' lang='lat' dir='ltr'><strong>ost,</strong></span> <span class='ocrx_word' id='word_1_56' title='bbox 597 1248 651 1310; x_wconf 85' lang='lat' dir='ltr'><strong>sed</strong></span> <span class='ocrx_word' id='word_1_57' title='bbox 675 1248 799 1312; x_wconf 85' lang='lat' dir='ltr'><strong>diuinae</strong></span> <span class='ocrx_word' id='word_1_58' title='bbox 823 1248 996 1312; x_wconf 81' lang='lat' dir='ltr'><strong>maiestatis</strong></span> <span class='ocrx_word' id='word_1_59' title='bbox 1024 1246 1145 1330; x_wconf 83' lang='lat' dir='ltr'><strong>insigne</strong></span> <span class='ocrx_word' id='word_1_60' title='bbox 1174 1250 1231 1324; x_wconf 84' lang='lat' dir='ltr'><strong>est,</strong></span> <span class='ocrx_word' id='word_1_61' title='bbox 1262 1250 1296 1309; x_wconf 88' lang='lat' dir='ltr'><strong>nt</strong></span> 
     </span>
     <span class='ocr_line' id='line_1_9' title="bbox 162 1350 1294 1436; baseline -0.002 -22"><span class='ocrx_word' id='word_1_62' title='bbox 162 1350 340 1436; x_wconf 76' lang='lat' dir='ltr'><strong>singillatim</strong></span> <span class='ocrx_word' id='word_1_63' title='bbox 369 1372 425 1434; x_wconf 87' lang='lat' dir='ltr'><strong>per</strong></span> <span class='ocrx_word' id='word_1_64' title='bbox 454 1370 710 1433; x_wconf 88' lang='lat' dir='ltr'><strong>unumquemque</strong></span> <span class='ocrx_word' id='word_1_65' title='bbox 741 1353 872 1434; x_wconf 88' lang='lat' dir='ltr'><strong>populos</strong></span> <span class='ocrx_word' id='word_1_66' title='bbox 904 1353 1033 1434; x_wconf 81' lang='lat' dir='ltr'><strong>impleat</strong></span> <span class='ocrx_word' id='word_1_67' title='bbox 1063 1355 1094 1415; x_wconf 82' lang='lat' dir='ltr'><strong>et</strong></span> <span class='ocrx_word' id='word_1_68' title='bbox 1123 1356 1229 1415; x_wconf 84' lang='lat' dir='ltr'><strong>tamen</strong></span> <span class='ocrx_word' id='word_1_69' title='bbox 1265 1351 1294 1412; x_wconf 92' lang='lat' dir='ltr'><strong>in</strong></span> 
     </span>
     <span class='ocr_line' id='line_1_10' title="bbox 162 1455 1297 1538; baseline 0 -20"><span class='ocrx_word' id='word_1_70' title='bbox 162 1456 358 1537; x_wconf 79' lang='lat' dir='ltr'><strong>plenitudinis</strong></span> <span class='ocrx_word' id='word_1_71' title='bbox 380 1475 454 1520; x_wconf 84' lang='lat' dir='ltr'><strong>suae</strong></span> <span class='ocrx_word' id='word_1_72' title='bbox 470 1457 671 1521; x_wconf 72' lang='lat' dir='ltr'><strong>inmensitate</strong></span> <span class='ocrx_word' id='word_1_73' title='bbox 693 1460 887 1538; x_wconf 84' lang='lat' dir='ltr'><strong>permaneat.</strong></span> <span class='ocrx_word' id='word_1_74' title='bbox 913 1457 1045 1536; x_wconf 83' lang='lat' dir='ltr'><strong>diuinae,</strong></span> <span class='ocrx_word' id='word_1_75' title='bbox 1070 1456 1208 1537; x_wconf 82' lang='lat' dir='ltr'><strong>inquom,</strong></span> <span class='ocrx_word' id='word_1_76' title='bbox 1233 1455 1297 1518; x_wconf 90' lang='lat' dir='ltr'><strong>sin-</strong></span> 
     </span>
     <span class='ocr_line' id='line_1_11' title="bbox 162 1559 1348 1644; baseline -0.002 -20"><span class='ocrx_word' id='word_1_77' title='bbox 162 1561 263 1642; x_wconf 82' lang='lat' dir='ltr'><strong>gulare</strong></span> <span class='ocrx_word' id='word_1_78' title='bbox 287 1561 507 1644; x_wconf 87' lang='lat' dir='ltr'><strong>propriumque</strong></span> <span class='ocrx_word' id='word_1_79' title='bbox 531 1564 660 1625; x_wconf 84' lang='lat' dir='ltr'><strong>neturee</strong></span> <span class='ocrx_word' id='word_1_80' title='bbox 684 1565 732 1624; x_wconf 88' lang='lat' dir='ltr'><strong>est</strong></span> <span class='ocrx_word' id='word_1_81' title='bbox 754 1561 829 1624; x_wconf 89' lang='lat' dir='ltr'><strong>loeis</strong></span> <span class='ocrx_word' id='word_1_82' title='bbox 853 1559 998 1625; x_wconf 88' lang='lat' dir='ltr'><strong>omnibns</strong></span> <span class='ocrx_word' id='word_1_83' title='bbox 1021 1564 1145 1644; x_wconf 84' lang='lat' dir='ltr'><strong>praesto</strong></span> <span class='ocrx_word' id='word_1_84' title='bbox 1162 1579 1239 1638; x_wconf 87' lang='lat' dir='ltr'><strong>esse,</strong></span> <span class='ocrx_word' id='word_1_85' title='bbox 1263 1559 1295 1622; x_wconf 95' lang='lat' dir='ltr'><strong>in</strong></span> <span class='ocrx_word' id='word_1_86' title='bbox 1325 1585 1348 1622; x_wconf 82' lang='grc' dir='ltr'><strong>ιο</strong></span> 
     </span>
     <span class='ocr_line' id='line_1_12' title="bbox 163 1665 1297 1748; baseline -0.002 -20"><span class='ocrx_word' id='word_1_87' title='bbox 163 1666 262 1729; x_wconf 83' lang='lat' dir='ltr'><strong>omnio</strong></span> <span class='ocrx_word' id='word_1_88' title='bbox 291 1666 423 1746; x_wconf 82' lang='lat' dir='ltr'><strong>intrare,</strong></span> <span class='ocrx_word' id='word_1_89' title='bbox 453 1666 558 1729; x_wconf 87' lang='lat' dir='ltr'><strong>omnia</strong></span> <span class='ocrx_word' id='word_1_90' title='bbox 587 1665 754 1730; x_wconf 82' lang='lat' dir='ltr'><strong>continere.</strong></span> <span class='ocrx_word' id='word_1_91' title='bbox 795 1666 858 1746; x_wconf 82' lang='lat' dir='ltr'><strong>dei,</strong></span> <span class='ocrx_word' id='word_1_92' title='bbox 890 1666 1033 1747; x_wconf 84' lang='lat' dir='ltr'><strong>inquam,</strong></span> <span class='ocrx_word' id='word_1_93' title='bbox 1065 1665 1219 1748; x_wconf 79' lang='lat' dir='ltr'><strong>poeuliere</strong></span> <span class='ocrx_word' id='word_1_94' title='bbox 1250 1667 1297 1726; x_wconf 89' lang='lat' dir='ltr'><strong>est</strong></span> 
     </span>
     <span class='ocr_line' id='line_1_13' title="bbox 163 1767 1296 1853; baseline -0.001 -21"><span class='ocrx_word' id='word_1_95' title='bbox 163 1767 237 1833; x_wconf 85' lang='lat' dir='ltr'><strong>filios</strong></span> <span class='ocrx_word' id='word_1_96' title='bbox 268 1771 451 1853; x_wconf 85' lang='lat' dir='ltr'><strong>perditionis</strong></span> <span class='ocrx_word' id='word_1_97' title='bbox 481 1774 612 1834; x_wconf 82' lang='lat' dir='ltr'><strong>naturae</strong></span> <span class='ocrx_word' id='word_1_98' title='bbox 640 1769 752 1834; x_wconf 88' lang='lat' dir='ltr'><strong>debitis</strong></span> <span class='ocrx_word' id='word_1_99' title='bbox 776 1789 897 1850; x_wconf 85' lang='lat' dir='ltr'><strong>eruero,</strong></span> <span class='ocrx_word' id='word_1_100' title='bbox 928 1770 1069 1853; x_wconf 86' lang='lat' dir='ltr'><strong>purgetis</strong></span> <span class='ocrx_word' id='word_1_101' title='bbox 1100 1769 1296 1832; x_wconf 89' lang='lat' dir='ltr'><strong>oonsoientiis</strong></span> 
     </span>
     <span class='ocr_line' id='line_1_14' title="bbox 162 1873 1295 1958; baseline 0.002 -24"><span class='ocrx_word' id='word_1_102' title='bbox 162 1873 316 1954; x_wconf 85' lang='lat' dir='ltr'><strong>inuenere,</strong></span> <span class='ocrx_word' id='word_1_103' title='bbox 339 1875 388 1938; x_wconf 91' lang='lat' dir='ltr'><strong>dei</strong></span> <span class='ocrx_word' id='word_1_104' title='bbox 410 1874 491 1938; x_wconf 91' lang='lat' dir='ltr'><strong>filios</strong></span> <span class='ocrx_word' id='word_1_105' title='bbox 514 1874 617 1938; x_wconf 82' lang='lat' dir='ltr'><strong>faeere</strong></span> <span class='ocrx_word' id='word_1_106' title='bbox 641 1875 720 1938; x_wconf 89' lang='lat' dir='ltr'><strong>etin</strong></span> <span class='ocrx_word' id='word_1_107' title='bbox 736 1875 880 1938; x_wconf 80' lang='lat' dir='ltr'><strong>eoelestis</strong></span> <span class='ocrx_word' id='word_1_108' title='bbox 897 1875 985 1958; x_wconf 84' lang='lat' dir='ltr'><strong>regni</strong></span> <span class='ocrx_word' id='word_1_109' title='bbox 1001 1874 1100 1958; x_wconf 82' lang='lat' dir='ltr'><strong>gloria</strong></span> <span class='ocrx_word' id='word_1_110' title='bbox 1116 1873 1295 1938; x_wconf 81' lang='lat' dir='ltr'><strong>sublimare.</strong></span> 
     </span>
    </p>
   </div>
   <div class='ocr_carea' id='block_1_3' title="bbox 202 2085 1297 2176">
    <p class='ocr_par' dir='ltr' id='par_1_3' title="bbox 202 2085 1297 2176">
     <span class='ocr_line' id='line_1_15' title="bbox 202 2085 1297 2176; baseline 0.002 -16"><span class='ocrx_word' id='word_1_111' title='bbox 202 2107 389 2161; x_wconf 81' lang='lat' dir='ltr'><strong>3lrominibus</strong></span> <span class='ocrx_word' id='word_1_112' title='bbox 408 2109 434 2162; x_wconf 92' lang='lat' dir='ltr'><strong><em>P</em></strong></span> <span class='ocrx_word' id='word_1_113' title='bbox 503 2105 662 2176; x_wconf 80' lang='lat' dir='ltr'><strong>&#39;lpossibile</strong></span> <span class='ocrx_word' id='word_1_114' title='bbox 680 2111 815 2161; x_wconf 71' lang='lat' dir='ltr'><strong>ornaturae</strong></span> <span class='ocrx_word' id='word_1_115' title='bbox 833 2126 849 2162; x_wconf 82' lang='lat' dir='ltr'><strong>e</strong></span> <span class='ocrx_word' id='word_1_116' title='bbox 918 2085 1100 2176; x_wconf 64' lang='lat' dir='ltr'><strong>{linquite¹</strong></span> <span class='ocrx_word' id='word_1_117' title='bbox 1140 2109 1170 2162; x_wconf 93' lang='lat' dir='ltr'><strong>ll</strong></span> <span class='ocrx_word' id='word_1_118' title='bbox 1191 2111 1217 2161; x_wconf 87' lang='lat' dir='ltr'><strong>et</strong></span> <span class='ocrx_word' id='word_1_119' title='bbox 1234 2114 1297 2162; x_wconf 77' lang='lat' dir='ltr'><strong>onte</strong></span> 
     </span>
    </p>
   </div>
   <div class='ocr_carea' id='block_1_4' title="bbox 162 2187 1295 2363">
    <p class='ocr_par' dir='ltr' id='par_1_4' title="bbox 162 2187 1295 2363">
     <span class='ocr_line' id='line_1_16' title="bbox 162 2187 1295 2289; baseline 0.001 -18"><span class='ocrx_word' id='word_1_120' title='bbox 162 2220 269 2275; x_wconf 69' lang='lat' dir='ltr'><strong>anteum</strong></span> <span class='ocrx_word' id='word_1_121' title='bbox 284 2220 449 2274; x_wconf 69' lang='lat' dir='ltr'><strong>omninode.</strong></span> <span class='ocrx_word' id='word_1_122' title='bbox 463 2240 479 2275; x_wconf 68' lang='lat' dir='ltr'><strong>l</strong></span> <span class='ocrx_word' id='word_1_123' title='bbox 532 2221 618 2288; x_wconf 85' lang='lat' dir='ltr'><strong>inquit</strong></span> <span class='ocrx_word' id='word_1_124' title='bbox 636 2240 652 2276; x_wconf 66' lang='lat' dir='ltr'><strong>n·</strong></span> <span class='ocrx_word' id='word_1_125' title='bbox 707 2223 737 2276; x_wconf 83' lang='lat' dir='ltr'><strong>re</strong></span> <span class='ocrx_word' id='word_1_126' title='bbox 755 2187 909 2274; x_wconf 67' lang='lat' dir='ltr'><strong>caerese&#39;n</strong></span> <span class='ocrx_word' id='word_1_127' title='bbox 955 2219 1110 2289; x_wconf 66' lang='lat' dir='ltr'><strong>enormen]</strong></span> <span class='ocrx_word' id='word_1_128' title='bbox 1130 2219 1295 2274; x_wconf 78' lang='lat' dir='ltr'><strong>exemero</strong></span> 
     </span>
     <span class='ocr_line' id='line_1_17' title="bbox 165 2303 599 2363; baseline 0.014 -6"><span class='ocrx_word' id='word_1_129' title='bbox 165 2303 266 2359; x_wconf 77' lang='lat' dir='ltr'><strong>oreon</strong></span> <span class='ocrx_word' id='word_1_130' title='bbox 286 2307 470 2361; x_wconf 80' lang='lat' dir='ltr'><strong>snevnnvs</strong></span> <span class='ocrx_word' id='word_1_131' title='bbox 488 2308 552 2362; x_wconf 75' lang='lat' dir='ltr'><strong>ano.</strong></span> <span class='ocrx_word' id='word_1_132' title='bbox 571 2309 599 2363; x_wconf 80' lang='lat' dir='ltr'><strong>n</strong></span> 
     </span>
    </p>
   </div>
   <div class='ocr_carea' id='block_1_5' title="bbox 0 0 1555 4892">
    <p class='ocr_par' dir='ltr' id='par_1_5' title="bbox 0 0 1555 4892">
     <span class='ocr_line' id='line_1_18' title="bbox 0 0 1555 4892; baseline 0 0"><span class='ocrx_word' id='word_1_133' title='bbox 0 0 1555 4892; x_wconf 95' lang='lat' dir='ltr'><strong> </strong></span> 
     </span>
    </p>
   </div>
  </div>
 </body>
</html>
