3100 4892
605 471 670 525 1111.
690 471 801 525 Sermo
819 475 860 526 26.
1240 473 1304 538 329

163 648 265 731 magis
295 648 499 732 reprehendo,
533 649 597 730 qui,
632 667 703 712 oum
733 648 834 730 parati
864 649 981 712 fuerint
1010 649 1160 730 ieiunare,
1196 653 1304 733 postea

163 770 259 835 quarn
282 753 438 817 audierint
459 753 697 832 sollemnitates,
722 751 905 836 ambiguum
928 753 1133 837 neglexerunt
1154 754 1301 819 ieiunare.

163 857 423 922 demonstrabant
456 857 564 940 utiquo
597 875 661 922 non
691 875 724 920 se
755 857 897 922 uolentes
924 857 1067 941 religiose
1097 859 1214 939 ninere,
1248 859 1303 924 sed

162 963 296 1025 coaetos.
342 961 435 1026 ueriti
462 965 546 1043 sunt,
575 962 676 1043 oredo,
704 980 744 1026 ne
771 961 910 1045 quinque
938 962 1071 1027 dierum.
1086 962 1209 1027 ieiuniis
1231 981 1302 1045 pro-

161 1067 297 1149 longatis
320 1083 392 1130 earo
415 1083 467 1130 eos
483 1084 656 1150 corpusque
672 1067 820 1131 deleoerit
836 1069 868 1132 et
884 1067 978 1131 eriles
995 1085 1030 1132 ao
1045 1070 1154 1132 tenues
1171 1068 1303 1150 quadra·
1341 1095 1354 1134 a

161 1170 302 1253 gesimae
325 1169 547 1235 abstinentiam
569 1172 703 1236 tolerare
726 1190 789 1236 non
812 1175 950 1256 possent.

205 1273 347 1339 Audiant
368 1275 464 1359 igitur
486 1275 597 1340 refesti
619 1276 734 1359 pariter
762 1293 798 1340 ao
821 1275 952 1356 robusti,
980 1279 1091 1340 tenues
1120 1279 1213 1359 atque
1236 1277 1303 1360 pal-

160 1380 272 1458 lentes,
296 1379 369 1461 quia
389 1379 480 1443 hodie
504 1383 552 1444 est
574 1379 823 1464 quadragesima.
860 1381 988 1445 audiant
1010 1381 1064 1461 illi,
1097 1381 1236 1464 inquam,
1268 1384 1304 1444 ut

160 1484 299 1547 ieiunare
322 1483 474 1566 incipiant
494 1483 556 1564 isti,
587 1484 745 1549 abstinere
775 1502 838 1549 non
866 1485 1011 1570 desinant
1041 1488 1073 1549 et
1094 1485 1302 1550 communiter

159 1587 192 1651 in
221 1605 326 1652 arcam
350 1587 465 1652 Christi
494 1589 612 1652 intrare
641 1589 801 1654 festinent.
848 1589 946 1654 immo
977 1589 1126 1654 festinent
1156 1590 1301 1672 ampliuS,
1329 1618 1355 1657 ro

160 1692 235 1773 quia
256 1691 376 1756 tardius
399 1691 558 1756 abstinere
581 1696 760 1775 coeperunt,
791 1697 826 1757 ut
856 1694 1071 1777 castigatiores
1102 1697 1134 1758 et
1161 1695 1301 1777 puriores

159 1797 329 1877 introeant,
364 1797 437 1878 quia
466 1814 539 1861 area
568 1797 686 1862 domini
715 1799 748 1861 in
777 1798 924 1879 perieulis
955 1798 1095 1863 ieiunum
1125 1802 1301 1864 sustentare

158 1901 331 1983 praeualet
355 1902 565 1966 temulentum
589 1903 745 1966 sustinere
768 1920 831 1966 non
855 1903 952 1967 nouit.
999 1903 1204 1968 admonemus
1227 1922 1301 1988 ergo

159 2022 226 2086 uos,
250 2005 332 2069 siout
352 2005 417 2069 iam
438 2008 512 2069 ante
534 2006 679 2087 diximus,
710 2006 810 2070 nostri
839 2007 988 2090 temporis
1010 2007 1165 2089 homines,
1195 2011 1230 2072 ut
1252 2009 1300 2072 his

159 2109 268 2173 mundi
296 2108 474 2174 turbinibus
509 2110 548 2174 ad
571 2109 698 2175 domum
729 2111 779 2174 dei
814 2113 958 2176 certatim
990 2111 1204 2194 unusquisque
1227 2130 1300 2177 oon-
1328 2138 1353 2177 rs

157 2214 269 2297 fugiat,
304 2214 383 2277 siout
413 2217 445 2277 et
473 2213 522 2277 sui
552 2215 702 2297 temporis
733 2215 875 2280 homines
898 2215 964 2280 Noe
995 2216 1097 2280 iustus
1129 2215 1298 2280 admonuit.

158 2318 323 2382 admonuit
346 2317 429 2382 eninr
456 2318 526 2382 illos
554 2323 584 2382 et
606 2319 750 2384 futurum
772 2319 926 2384 diluuium
950 2319 1128 2404 praedicare
1157 2338 1217 2385 non
1246 2320 1300 2388 de

157 2422 239 2486 stitit
266 2425 312 2502 et,
340 2422 415 2486 lioet
441 2440 501 2486 uor
523 2423 762 2505 praedicationis
791 2443 852 2489 non
881 2424 924 2487 sit
951 2423 1066 2504 audita,
1094 2428 1211 2505 tamen,
1240 2425 1299 2489 etsi

156 2525 284 2590 tacebat
305 2526 424 2609 lingua,
447 2545 540 2608 opere
562 2527 757 2609 loquebatur,
782 2529 841 2593 etsi
864 2528 978 2592 silebat
997 2529 1083 2610 loqui
1105 2547 1192 2608 uooe,
1216 2529 1300 2594 asaia

156 2629 356 2713 personabat.
401 2649 474 2695 eum
508 2631 592 2695 enirn
627 2632 811 2696 aedificabat
840 2635 905 2696 tarn
936 2632 1053 2716 grande
1087 2650 1174 2716 opus,
1209 2651 1299 2697 areae
1326 2629 1352 2700 io

155 2735 239 2799 illius
255 2751 394 2815 eausam,
417 2753 472 2799 our
487 2734 585 2817 lieret,
602 2736 669 2819 ipso
692 2755 784 2819 opere
800 2735 984 2802 testabatur.
1023 2736 1198 2801 testabatur
1214 2737 1299 2802 enim

154 2839 223 2921 ipso
246 2841 397 2922 apparatu
421 2856 505 2902 noua
527 2839 729 2905 tabernacula
752 2841 843 2905 nouis
865 2841 1011 2923 perieulis
1034 2842 1205 2924 profutura.
1249 2860 1299 2906 sa-

154 2941 245 3025 piens
277 2943 359 3007 enim
383 2943 514 3026 quisque
544 2945 727 3028 intellegere
753 2949 876 3028 poterat
906 2945 1062 3029 naufragii
1092 2946 1196 3010 neseio
1226 2947 1299 3028 quid

155 3047 332 3127 imminere,
355 3065 427 3110 oum
443 3048 554 3112 domus
571 3049 641 3112 talis
656 3048 756 3129 fieret,
780 3068 859 3131 quae
883 3067 944 3114 non
967 3049 1143 3114 inhaereret
1157 3051 1189 3114 in
1204 3053 1298 3132 terra,

156 3150 212 3215 sed
242 3154 366 3215 nataret
395 3151 428 3216 in
451 3153 585 3236 gurgite,
614 3171 686 3217 oum
715 3154 886 3238 hospitium
917 3153 1095 3218 huiusmodi
1125 3159 1298 3237 pararetur,
1326 3181 1351 3222 rr

157 3254 241 3338 quod
271 3273 328 3319 neo
350 3256 567 3339 pauimentum
597 3258 662 3321 solo
685 3256 836 3341 defigeret
866 3277 923 3322 neo
953 3253 1100 3323 fluetibus
1131 3260 1215 3323 unda
1245 3261 1298 3324 de-

156 3362 321 3444 mergeret.
368 3361 447 3442 quis,
470 3361 611 3444 inquam,
634 3362 759 3444 sapiens
783 3380 844 3426 non
867 3363 1065 3446 intellegeret
1087 3363 1195 3427 adesse
1219 3363 1298 3428 dilu-

156 3465 255 3544 uium,
280 3481 352 3527 sum
375 3464 497 3529 uideret
519 3466 582 3530 tale
606 3466 796 3530 domioilium
819 3466 897 3546 fieri,
926 3468 1007 3548 quod
1032 3471 1193 3550 susceptos
1216 3467 1298 3532 intra

155 3587 187 3632 se
211 3586 274 3633 non
296 3571 363 3632 tam
386 3569 546 3634 clauderet
568 3589 661 3653 quam
678 3574 825 3654 portaret,
849 3571 929 3654 quod
950 3589 1013 3636 non
1028 3576 1095 3637 tam
1118 3573 1297 3656 pluuiarum

153 3672 270 3737 imbres
294 3674 459 3757 repelleret
480 3692 575 3756 quam
598 3675 754 3759 naufragii
777 3675 929 3759 proeellas
953 3680 1092 3742 arceret?
1137 3695 1227 3760 quos,
1249 3678 1297 3742 in-
1323 3704 1349 3744 so

196 3873 210 3928 l
235 3870 399 3940 reprohendo
421 3873 529 3943 scripsi,
552 3831 820 3942 reprehenderes}
845 3875 945 3943 (uoluit
966 3875 1197 3946 reprehendendos
1218 3878 1296 3945 puto)

153 3973 214 4012 eum
231 3957 320 4046 parati
337 3960 445 4028 scripsi,
465 3960 612 4028 comparati
631 3961 659 4015 P
709 3961 950 4030 2sollempnitates
963 3964 991 4018 P
1041 3964 1176 4017 looaotos
1187 3965 1296 4032 scripsi,

153 4069 222 4138 quod
240 4052 392 4138 aotoP(d
410 4089 525 4142 aarum,
543 4089 569 4136 s;
587 4075 731 4143 uramalt.)
787 4077 820 4130 10
837 4076 967 4130 areamP
1017 4077 1149 4143 ymmoP
1201 4077 1230 4131 11
1253 4091 1295 4147 oe-

152 4160 250 4225 perunt
267 4158 295 4212 P
345 4158 532 4227 gustigatiores
551 4161 579 4214 P
631 4163 664 4216 12
682 4161 763 4214 archa
782 4163 809 4216 P
860 4161 979 4216 ieiunum
996 4163 1103 4232 scripsi,
1121 4162 1250 4216 ieiunium
1269 4165 1296 4217 P

154 4246 185 4299 13
211 4259 397 4298 ammonemus
424 4246 452 4300 P
533 4248 565 4302 16
593 4247 744 4302 ammonuit
771 4250 799 4302 P
823 4255 935 4318 utroque
961 4251 1019 4305 loeo
1100 4251 1134 4304 20
1162 4249 1241 4320 arohp
1268 4251 1297 4304 P

152 4332 182 4386 21
195 4332 305 4400 quurP
355 4333 512 4388 lliminera
525 4335 553 4387 P
596 4337 631 4390 25
644 4337 777 4389 naturast
790 4337 817 4390 P
861 4335 1008 4406 hospitium
1020 4337 1127 4405 scripsi,
1139 4335 1256 4406 hospitio
1269 4337 1296 4392 P

152 4418 184 4474 30
201 4417 300 4473 aroiret
316 4419 345 4476 P
