3100 4892
226 435 298 491 LXX
675 437 917 508 Prolcgomena.

227 613 419 698 confectum)
435 619 466 679 et
480 615 610 679 clericus
625 614 729 679 factus
744 619 803 696 est,
819 617 858 680 cf.
872 636 902 700 p.
915 614 990 697 415,
1005 613 1049 679 20
1068 614 1184 678 tabita
1200 615 1369 700 aciemque

227 727 348 781 mutato
365 723 397 782 41
411 739 441 803 p.
458 716 533 800 415,
550 717 592 781 26
612 728 767 804 superest,
785 729 822 782 ut
836 741 924 782 uuoc
939 719 1241 798 conuersiouem,
1257 741 1369 805 quom

223 820 460 908 protulistis
494 822 534 884 iu
567 832 686 901 ueste,
719 821 864 907 probatis
894 823 931 885 iu
964 824 1067 886 corde
1106 824 1315 908 Papianillam
1350 843 1370 888 a

226 927 395 992 Parthenio
419 928 549 1012 coniuge
571 929 781 1008 interfectum,
804 928 1010 992 Parthenium
1032 929 1135 1011 ipsum
1159 947 1240 993 anno
1263 927 1326 992 548
1350 947 1370 993 a

228 1032 355 1096 Francis
385 1032 540 1114 lapidibus
571 1033 716 1096 obrutum
748 1052 817 1096 esse
847 1033 942 1097 tradit
971 1031 1140 1117 Gregorius
1168 1033 1368 1114 Turonensis,

228 1137 300 1200 hist.
317 1135 425 1199 Franc.
443 1136 492 1198 III
515 1135 566 1199 36.

270 1240 437 1304 Ρ11414141
460 1260 477 1304 4
499 1240 615 1304 Ruricii
639 1241 783 1324 epistulis
806 1242 1015 1324 comperimus
1038 1261 1138 1305 unum
1161 1261 1198 1306 411
1217 1241 1288 1305 filiis
1303 1241 1370 1306 Ru-

227 1345 294 1408 ricii
325 1344 363 1407 ab
394 1345 546 1428 Hesperio
577 1343 764 1429 Aruernis¹)
796 1347 961 1409 educatum
992 1365 1072 1426 essa,
1105 1347 1144 1410 cf.
1168 1346 1256 1429 ep.I
1285 1344 1306 1408 5
1336 1350 1370 1410 41

228 1469 257 1532 p.
275 1447 349 1528 356,
365 1448 386 1510 4
410 1447 661 1510 commendantes
678 1447 739 1511 tibi
749 1449 874 1534 pipuus
889 1458 1045 1526 nostrum,
1068 1449 1251 1534 depositum
1265 1458 1368 1526 tuum,

113 1619 117 1628 ,
228 1551 322 1614 cuius
356 1573 412 1614 uos
442 1552 642 1638 susceptione
671 1553 797 1638 cepisti.
844 1552 905 1616 tibi
935 1554 1020 1617 euim
1048 1576 1137 1638 spem
1161 1554 1368 1639 posteritatis

228 1679 322 1735 51454,
353 1655 416 1719 tibi
444 1656 586 1720 solomon
615 1658 707 1721 uitae
732 1658 918 1743 praesentis
946 1667 976 1721 et
1007 1658 1153 1722 leuamen
1169 1706 1176 1721 .
1194 1709 1201 1721 .
1212 1658 1367 1745 futurae,

229 1759 291 1823 tibi
320 1761 381 1824 uui
414 1761 522 1823 osrsuia
555 1783 625 1824 5145
658 1773 736 1824 uoto
770 1762 920 1825 commisi.
966 1764 1043 1827 haec
1076 1764 1174 1828 uerba
1207 1765 1369 1846 scripsisse

229 1866 353 1929 uidetur
376 1867 529 1947 Ruricius
560 1886 632 1930 cum
663 1867 803 1931 nondum
832 1868 903 1950 plus
925 1887 1024 1931 unum
1048 1869 1187 1951 suscepit
1208 1867 1308 1932 filium
1331 1887 1368 1932 ax

228 1970 340 2050 Iberia,
364 1974 439 2052 puto
464 1971 665 2052 Ommatium,
697 1973 861 2054 postmodo
884 1973 1030 2036 clericum
1053 1972 1243 2052 Aruernnm,
1274 1991 1369 2053 quem

229 2075 298 2138 odiis
322 2093 444 2156 quoque
471 2076 546 2139 locis
571 2095 664 2158 snpra
687 2077 790 2140 allatis
815 2077 940 2140 maioris
963 2075 1094 2140 affectus
1122 2077 1226 2141 uerbis
1254 2077 1371 2160 magis-

229 2197 289 2259 que
312 2179 420 2242 luudat
442 2197 536 2259 quam
560 2180 693 2262 reliquos
717 2179 806 2245 filios.

271 2283 388 2347 Ruricii
417 2282 481 2348 filio
512 2285 615 2348 nescio
646 2287 695 2348 cui
725 2284 791 2349 filia
812 2285 952 2349 Namatii
982 2290 1015 2349 ct
1042 2285 1225 2365 cerauniae,
1256 2283 1369 2366 quibus

227 2387 388 2471 inscripsit
409 2387 554 2452 Ruricius
578 2389 728 2470 epistulas
752 2389 784 2452 Π
809 2389 894 2451 1-4
923 2389 1082 2470 (Namatio
1111 2391 1207 2453 etiam
1230 2409 1277 2471 ep.
1294 2387 1371 2452 115

229 2489 335 2572 4162,
366 2491 535 2556 Ceraunios
565 2492 597 2556 11
629 2491 670 2556 15
700 2497 731 2557 41
758 2491 824 2575 50),
853 2495 969 2576 nupsit,
997 2492 1370 2577 5551513551-

228 2617 325 2680 quom
339 2594 404 2677 fiat
415 2596 593 2681 pipuoruue
607 2606 794 2659 5541551551
808 2597 928 2660 uotiua
942 2596 1127 2660 coniunctio
1143 2603 1175 2662 ct
1189 2618 1219 2681 p.
1237 2596 1311 2677 374,
1329 2597 1370 2659 14

221 2699 373 2782 filiorum
400 2700 623 2763 coniunctione
649 2700 853 2778 concutimur,
882 2703 937 2766 sed
963 2707 1164 2785 praematura
1191 2706 1292 2767 morta
1314 2701 1370 2766 ab·

228 2809 319 2887 repta
342 2808 401 2885 est,
426 2806 464 2868 of.
481 2826 510 2888 p.
529 2803 603 2886 375,
620 2803 661 2867 26
681 2805 821 2890 perdidi
828 2805 948 2888 fllium,
972 2827 1071 2890 quana
1085 2815 1115 2869 et
1129 2828 1178 2869 514
1192 2805 1371 2891 suscepisse

229 2919 258 2971 et
280 2929 338 2970 uos
360 2908 507 2994 penuisse
529 2907 737 2993 gratulabar.

272 3013 332 3092 Qui
354 3014 470 3077 fuerint
492 3017 637 3096 parentes
654 3014 770 3079 Ruricii
793 3016 933 3095 iunioris,
957 3033 1051 3096 quem
1071 3016 1203 3080 senioris
1224 3018 1369 3098 nepotem

230 3121 261 3181 41
283 3118 462 3201 episcopum
478 3118 736 3183 Lemouicensem
752 3121 849 3183 fuisse
866 3138 902 3183 41
917 3120 1083 3184 Fortunati
1103 3120 1260 3203 epitaphio
1276 3137 1371 3201 supra

229 3225 402 3286 memorato
427 3223 553 3302 scimus,
577 3229 639 3287 non
663 3223 771 3305 liquet.

272 3326 415 3390 Fratrem
438 3327 584 3390 habuisse
607 3327 767 3391 Ruricium
783 3328 960 3408 Leontium,
983 3329 1139 3410 adquam
1163 3329 1284 3393 dederit
1307 3329 1371 3413 epi-

230 3429 465 3494 1111451142
489 3449 643 3513 quemque
671 3433 767 3495 etiam
794 3433 826 3495 in
854 3433 935 3515 ep.I
957 3431 977 3494 8
1001 3436 1281 3497 commemoratum
1310 3433 1328 3516 (
1360 3469 1371 3478 -

230 3532 339 3609 dicem,
369 3554 461 3617 quem
490 3532 527 3596 de
548 3533 664 3618 fratre
691 3557 756 3597 5145
779 3534 911 3598 Leontio
939 3557 988 3599 514
1015 3535 1158 3620 racipere
1181 3535 1370 3621 iusseratis)

229 3655 292 3702 una
322 3656 394 3702 cum
425 3640 509 3702 omni
540 3639 630 3704 domo
656 3640 769 3704 Ruricii
793 3640 929 3704 Faustus
960 3641 1144 3704 salutauerit
1173 3638 1369 3724 (1121511

230 3740 448 3804 indiuiduum
461 3741 576 3824 fliium
599 3753 745 3806 nostrum
761 3743 930 3806 Leontium
952 3765 1133 3829 mensusque
1153 3743 1290 3822 domum,
1312 3765 1373 3829 pu-

230 3844 322 3909 sillos
337 3868 409 3908 cum
423 3845 614 3924 maioribus,
633 3848 693 3932 pio
709 3847 905 3932 sospitamus
921 3847 1057 3934 officio),
1073 3848 1249 3914 Kruschius
1265 3854 1374 3914 censet

228 3953 248 4016 l.
273 3952 293 4015 l.
318 3972 347 4035 p.
369 3951 466 4015 LXII.
506 3953 567 4026 ¹sed
598 3953 685 4016 nulla
714 3972 748 4016 ra
779 3953 973 4035 comprobari
1003 3957 1107 4037 potest
1137 3973 1219 4036 eum,
1250 3955 1324 4036 quia
1353 3973 1374 4018 a

230 4119 435 4126 ψ-

275 4211 294 4279 1)
313 4211 352 4268 Gi.
367 4210 457 4264 Sidon.
471 4226 511 4279 ep.
523 4209 581 4264 1111
594 4212 628 4265 22
640 4227 665 4279 p.
677 4213 717 4274 72,
733 4213 776 4267 19:
796 4212 947 4282 Hesperius
960 4257 965 4266 .
980 4256 985 4266 .
1000 4257 1006 4267 .
1019 4229 1108 4282 nuper
1119 4214 1184 4268 urbe
1195 4231 1257 4268 cum
1267 4213 1375 4268 rediit

229 4316 242 4353 4
262 4299 437 4364 Tolosatium,
462 4297 489 4351 id
513 4297 584 4366 quod
608 4297 747 4368 episcopus
766 4298 902 4353 Amemus
926 4299 977 4352 nisi
996 4298 1028 4352 de
1051 4298 1159 4352 homine
1177 4298 1305 4354 Amerinis
1326 4299 1373 4353 de-

229 4387 308 4454 gente
327 4384 440 4440 scribere
459 4401 512 4439 non
530 4387 644 4455 poterat.
