3100 4892
266 429 329 494 338
707 427 773 481 ΠΙΙ.
793 428 901 481 Sermo
919 429 960 482 29.

266 604 384 668 Paulus
407 604 567 686 apestolus
594 605 787 667 contestatur
817 600 938 664 dicens:
971 601 1036 664 alii
1067 601 1175 664 datur
1206 616 1324 662 sermo
1352 615 1397 661 su·

266 693 450 791 pientiie,
475 707 538 772 alii
561 725 682 772 sermc
704 706 902 785 scientiae,
926 704 991 768 alii
1013 703 1110 768 fides
1132 705 1169 767 iu
1194 703 1320 767 ecdem
1335 702 1397 784 spi·

266 812 354 876 ritu.
410 811 501 875 haec
531 815 657 874 autem
688 809 812 874 emnia
842 811 1019 891 operetur
1048 827 1142 872 unus
1173 811 1285 890 atquc
1314 807 1398 870 idern

267 915 427 998 spiritus
450 915 623 980 diuideus
646 914 824 997 singulis,
848 917 960 995 prout
982 912 1074 977 uult.

230 1045 243 1084 1
312 1019 372 1085 Sed
394 1019 470 1084 dicit
491 1019 625 1084 fortasse
647 1020 706 1083 hcc
724 1018 792 1082 lccc
809 1017 935 1098 aliquisr
960 1017 986 1080 si
1002 1016 1047 1080 eis
1063 1019 1187 1080 tautum
1204 1015 1315 1079 diuidit
1328 1014 1397 1077 dena

269 1141 327 1188 sua
350 1123 490 1205 spiritus,
517 1122 630 1205 quibus
653 1122 732 1203 uult,
761 1138 835 1204 ergo
858 1124 945 1185 extra
967 1121 1091 1204 culpam
1115 1123 1173 1199 est,
1200 1119 1254 1201 qui
1276 1135 1335 1182 nun
1355 1135 1397 1180 ac

269 1227 344 1309 cipit
365 1228 494 1307 denum,
524 1227 598 1309 quia
621 1226 731 1291 diuisic
753 1226 926 1310 gratianm
950 1242 1012 1289 nen
1035 1231 1072 1288 er
1094 1224 1274 1306 accipientis
1295 1222 1397 1306 pendet

268 1335 353 1411 uctc,
384 1331 439 1395 sed
462 1349 499 1395 ex
521 1329 650 1395 arbitrie
674 1330 850 1394 diuidentis.
896 1347 1007 1394 uerum
1031 1331 1088 1410 est,
1119 1326 1322 1407 dilectissimi,
1350 1325 1396 1389 sed

269 1436 315 1500 ite
336 1438 444 1499 tannen
467 1452 578 1500 uerum
601 1438 659 1515 est,
682 1437 718 1498 ut
740 1434 799 1498 hcc
820 1434 857 1498 de
873 1432 1041 1498 uirtutibus
1056 1436 1191 1514 tantum,
1215 1450 1277 1497 ucn
1292 1431 1328 1495 de
1342 1430 1396 1493 uita

218 1566 243 1606 rc
268 1539 497 1622 intellegemus.
554 1539 686 1602 uirtutes
717 1539 800 1603 enirn
830 1556 892 1602 nen
923 1555 1033 1602 omnes
1063 1555 1230 1620 pessumus
1261 1534 1396 1612 obtinere,

268 1643 393 1707 etiamsi
422 1643 572 1722 uelimus,
607 1642 707 1706 uitam
737 1645 843 1706 tamen
879 1641 987 1705 omnes
1022 1659 1190 1723 pessumus
1225 1658 1345 1724 capere,
1375 1637 1397 1700 si

272 1765 458 1829 quaeramus
482 1747 654 1810 secundum
677 1747 769 1810 illud:
801 1746 920 1810 omnis
949 1745 1061 1825 enim,
1092 1745 1154 1828 qui
1176 1744 1286 1828 petit,
1317 1741 1397 1806 acci·

268 1851 324 1932 pit
354 1854 404 1931 et,
434 1850 496 1932 qui
528 1850 688 1932 quaerit,
718 1849 874 1914 inuenit.
921 1849 1031 1913 diuisis
1062 1867 1136 1932 erge
1167 1847 1345 1912 sublimium
1371 1847 1397 1907 11

271 1955 489 2019 excellentium
503 1955 676 2037 gratiarum
692 1954 731 2018 ed
747 1953 912 2018 arbitrium
929 1957 959 2017 ct
975 1953 1014 2017 ad
1029 1952 1295 2035 dispensationem
1310 1948 1398 2014 sancti

220 2086 244 2126 11
271 2059 399 2141 spiritus
421 2058 567 2141 pertinet,
590 2058 787 2122 conuersatio
810 2058 893 2122 uitae
917 2057 1016 2122 bonae
1040 2058 1079 2120 ad
1102 2057 1195 2120 tidem
1217 2055 1349 2121 heminis
1369 2069 1398 2116 ac

269 2161 420 2226 laborem.
466 2163 569 2226 cmnis
597 2163 692 2242 enim,
723 2161 775 2243 qui
799 2162 887 2243 petit,
919 2161 1096 2245 accipitet,
1128 2160 1180 2243 qui
1204 2158 1332 2242 quaerit,
1359 2157 1399 2220 in-

270 2267 366 2332 uenit.
412 2269 502 2348 petat
530 2269 652 2331 tantum
684 2266 796 2348 aliquis
826 2269 891 2330 tctc
923 2266 1013 2329 corde
1045 2269 1077 2330 et
1105 2269 1249 2347 quaerat:
1280 2263 1331 2346 qui
1351 2259 1400 2326 tibi

270 2370 363 2434 iussit
385 2388 543 2452 quaerere,
567 2370 634 2434 sine
657 2369 749 2434 dubie
772 2373 921 2453 praestat,
946 2373 980 2433 ut
1003 2370 1109 2434 uclcas
1133 2369 1282 2434 inuenire.
1321 2383 1400 2430 nunr-

270 2475 345 2557 quid
361 2475 446 2538 enirn
463 2475 614 2539 mentitur
637 2492 739 2539 sermo
762 2473 910 2538 diuinus?
948 2474 1113 2556 pulsate,
1137 2472 1250 2554 inquit,
1273 2473 1309 2536 et
1330 2487 1401 2552 ape

220 2607 246 2646 11
271 2579 390 2643 rietur
420 2578 536 2643 nobis.
582 2582 618 2643 ut
640 2578 715 2660 quid
737 2579 864 2661 pulsare
888 2595 944 2641 ucs
968 2577 1134 2660 praecepit,
1167 2577 1228 2640 nisi
1250 2577 1321 2657 quia
1341 2572 1400 2636 nult

271 2683 392 2766 aperire
414 2682 634 2765 pulsantibus?
668 2683 701 2747 in
720 2683 863 2747 hemines
887 2682 970 2764 ipsos
987 2682 1064 2745 haec
1078 2680 1226 2762 iniquitas
1242 2697 1303 2744 nen
1318 2676 1399 2753 cadit,

273 2790 310 2851 ut
332 2805 365 2850 se
388 2788 466 2851 uelit
487 2787 600 2870 rogari,
632 2787 686 2868 qui
708 2787 786 2851 uelit
808 2803 954 2850 annuere.
1001 2786 1102 2850 omnis
1126 2785 1220 2864 enim,
1250 2784 1303 2865 qui
1322 2797 1400 2865 pree

272 2890 376 2955 standi
406 2910 468 2955 nen
498 2889 596 2954 habet
624 2895 744 2971 uotum,
774 2891 911 2973 petentis
935 2891 1050 2973 refugit
1072 2889 1275 2972 postulatum.
1319 2899 1399 2950 neme

273 2998 331 3075 est,
363 2995 415 3076 qui
446 3014 479 3059 se
510 2995 613 3078 rugari
643 2995 730 3075 uelit,
761 2995 822 3058 nisi
852 2995 905 3077 qui
929 2997 1001 3058 aute
1024 2994 1106 3076 apud
1129 3011 1162 3056 se
1185 2992 1343 3070 deliberat,
1370 2991 1400 3050 ut

220 3126 246 3166 11
272 3103 419 3182 praestet.
466 3117 540 3182 ergo
570 3099 657 3180 deus,
688 3100 742 3182 qui
765 3098 912 3164 omuibus
936 3099 1005 3163 uult
1027 3097 1174 3177 tribuere,
1205 3097 1245 3161 ab
1268 3093 1400 3160 omnibus

272 3204 343 3268 uult
364 3205 467 3287 rugari
490 3204 609 3268 dicens:
641 3203 760 3286 petite
791 3207 827 3267 et
856 3203 1006 3267 dabitur
1029 3201 1154 3283 uubis,
1185 3200 1350 3283 quaerite
1370 3199 1401 3258 11

271 3308 486 3372 inuenietis.

317 3411 377 3476 Sed
400 3411 501 3476 dicere
517 3412 648 3477 forsitan
664 3415 770 3495 petest
785 3412 911 3494 aliquis:
936 3413 962 3476 si
978 3411 1090 3492 omnis,
1114 3411 1166 3493 qui
1180 3410 1268 3493 petit,
1292 3404 1401 3488 accipit,

273 3533 347 3598 erge
377 3517 482 3595 etiarn,
512 3517 539 3579 si
569 3517 703 3580 uirtutes
732 3519 888 3599 petamus,
920 3516 1115 3599 accipiemus.
1163 3531 1218 3578 cur
1246 3513 1325 3578 enim
1347 3526 1402 3573 nen

221 3647 247 3685 11
275 3620 370 3684 etiam
393 3620 526 3684 uirtutes
548 3623 704 3703 petamus,
728 3621 756 3686 si
779 3621 883 3685 emnia
905 3636 1072 3702 possumus
1093 3619 1242 3700 accipere,
1266 3635 1341 3700 quae
1354 3631 1403 3695 pe-

273 3724 436 3788 tierimus?
486 3742 548 3787 non
578 3724 623 3788 ita
654 3728 711 3806 est,
741 3723 945 3789 dilectissimi.
992 3723 1162 3806 superbum
1193 3725 1242 3786 est
1272 3719 1403 3786 enimet

378 3912 405 3981 1]
425 3915 438 3969 1
459 3913 518 3969 cor.
533 3915 610 3978 rae.
678 3913 723 3982 12]
741 3913 913 3978 narinus.
932 3911 1106 3977 1111111.
1179 3907 1401 3980 1111111111.

273 3999 429 4065 111111.
484 4000 528 4069 11]
547 4000 897 4065 secundusomne.

318 4192 350 4246 12
377 4205 520 4258 queramus
545 4191 573 4246 R
644 4195 678 4247 13
704 4193 794 4260 querit
819 4191 846 4247 R
918 4193 950 4248 14
978 4189 1118 4244 arbitrium
1146 4190 1174 4246 R
1200 4189 1269 4256 (rum
1293 4190 1323 4243 iu
1341 4183 1402 4248 rut)

276 4278 309 4333 16
326 4277 415 4344 querit
432 4277 459 4332 R
513 4280 545 4332 17
564 4276 659 4346 aliquis
677 4278 706 4334 R
722 4280 823 4334 111111.
883 4279 916 4334 22
935 4277 1021 4332 uelint
1038 4278 1102 4333 Μαι·
1159 4276 1230 4346 qued
1249 4275 1331 4331 11111111
1345 4269 1401 4328 lici

275 4364 309 4417 29
327 4378 397 4430 quur
414 4363 441 4418 R
458 4365 501 4429 (iu
518 4381 602 4434 mcrq.
622 4366 680 4431 cur)
