3100 4892
215 431 312 486 LXXX
663 433 907 504 Prolegomeua.

216 608 247 671 id
277 607 359 690 quod
389 627 488 692 nuper
510 607 686 674 Kruschius
718 610 793 674 iecit
819 611 852 674 in
876 610 984 676 Fausti
1007 614 1038 676 et
1060 612 1179 676 Ruricii
1206 613 1358 694 epistulis,

216 711 268 794 qui
285 712 397 777 codicis
414 711 627 796 sangallensis
644 714 902 798 orthographicas
919 715 1146 799 discrepantiae
1162 720 1194 781 et
1215 718 1248 781 in
1271 721 1359 781 textu

216 819 248 880 et
270 817 303 880 in
326 817 407 882 notis
436 835 624 901 suppressae
652 819 811 900 specimen
834 820 1064 903 prolegomenis
1087 821 1220 885 inseruit
1242 822 1358 885 saeculi

215 921 289 985 noni
323 921 479 985 scribendi
512 922 668 988 rationem
703 941 766 987 non
800 924 914 987 debere
949 923 1073 988 obtrudi
1108 925 1209 1008 quinti
1243 925 1360 989 saeculi

216 1025 359 1109 scriptori
384 1026 538 1090 dictitans.
564 1045 755 1109 quamquam
779 1028 864 1092 enim
887 1046 949 1093 non
972 1029 999 1092 is
1023 1048 1104 1110 sum,
1129 1030 1181 1111 qui
1196 1031 1254 1094 hac
1270 1030 1302 1095 in
1324 1048 1359 1092 re

215 1129 356 1193 codicum
381 1131 556 1195 auctoritati
579 1131 711 1195 nimium
727 1131 877 1212 tribuam,
901 1136 1008 1196 tamen
1024 1135 1186 1215 antiquam
1203 1133 1359 1198 scribendi

215 1235 368 1298 rationem
399 1236 523 1298 saeculo
556 1235 664 1318 quinto
694 1236 727 1300 in
757 1255 817 1300 usu
845 1237 942 1300 luisse
969 1238 1143 1320 praefracte
1166 1256 1255 1322 nego.
1294 1239 1358 1301 iam

216 1357 287 1402 cum
312 1339 349 1402 de
373 1340 490 1403 saeculi
512 1341 612 1421 quinti
636 1342 824 1424 scriptorum
847 1341 1069 1425 orthographia
1091 1343 1167 1406 certi
1190 1341 1358 1424 quidquam

217 1447 356 1507 statuere
380 1444 519 1508 nondum
541 1445 644 1527 liceat,
669 1445 708 1508 ad
724 1443 836 1510 Gallici
851 1449 934 1509 certe
951 1447 1110 1530 scriptoris
1127 1446 1244 1510 saeculi
1259 1447 1358 1527 quinti

217 1566 347 1612 manum
373 1550 500 1631 propius
524 1550 708 1613 accedemus
732 1547 846 1613 Gallici
868 1549 990 1614 librarii
1013 1551 1130 1614 saeculi
1154 1551 1229 1614 noni
1254 1551 1359 1614 ortho-

216 1652 348 1736 graphia
370 1653 495 1717 reiectis
524 1653 571 1733 iis,
601 1671 680 1736 quae
708 1658 815 1737 aperte
842 1655 1050 1737 posteriorum
1074 1659 1250 1738 temporum
1273 1658 1359 1736 sunt,

215 1757 275 1837 usi,
304 1775 398 1838 quam
426 1758 485 1820 nisi
512 1759 686 1840 praeceptis
711 1777 729 1822 a
752 1758 966 1841 grammaticis
991 1759 1220 1838 Quintilianeae
1247 1758 1359 1822 aetatis

215 1861 307 1925 datis.
346 1863 379 1925 in
403 1862 447 1925 eis
472 1862 607 1943 scriptis,
631 1880 709 1943 quae
732 1862 876 1945 pluribus
899 1863 1058 1927 codicibus
1080 1864 1255 1945 traduntur,
1278 1863 1359 1927 forte

215 1966 342 2030 fortuna
365 1966 487 2046 accidit,
511 1970 546 2030 ut
570 1967 615 2030 uti
638 1966 728 2030 nobis
744 1967 853 2031 liceret
869 1968 948 2033 etin
963 1968 1050 2032 libris
1067 1968 1105 2032 de
1121 1969 1234 2050 spiritu
1249 1970 1358 2031 sancto

217 2073 249 2135 et
276 2070 307 2134 in
335 2071 493 2154 plerisque
522 2071 718 2136 sermonibus
747 2071 827 2136 libro
853 2071 992 2154 perbono
1020 2072 1131 2136 ceteris
1154 2073 1247 2156 longe
1269 2091 1359 2155 prae·

215 2176 322 2255 stanti,
347 2176 434 2240 cuius
457 2175 607 2239 lectiones
624 2192 733 2240 omnes
749 2176 782 2240 in
799 2177 880 2241 notis
897 2177 1058 2241 afferimus
1074 2195 1231 2259 quemque
1247 2177 1357 2240 ducem

215 2280 315 2344 secuti
339 2299 447 2344 sumus
472 2281 567 2344 etiam
591 2279 624 2344 in
646 2279 741 2344 rebus
765 2282 1023 2365 orthographicis.

258 2384 370 2449 Restat
400 2388 435 2448 ut
465 2402 565 2468 panea
595 2385 633 2448 de
664 2385 854 2449 indicibus
884 2387 916 2450 in
944 2385 1006 2450 fine
1033 2386 1203 2450 uoluminis
1231 2385 1357 2450 adiectis

214 2488 326 2552 dicam.
366 2492 458 2571 atque
489 2489 521 2552 in
555 2489 679 2553 indice
714 2491 905 2555 nominum
935 2494 971 2554 et
1000 2509 1123 2555 rerum
1154 2508 1192 2554 ca
1220 2490 1357 2554 breuiter

215 2593 326 2657 afferre
348 2594 432 2657 haud
456 2611 724 2677 superuacaneum
748 2594 831 2675 duri,
862 2613 942 2677 quae
965 2593 1004 2658 ad
1029 2595 1180 2679 epistulas
1203 2594 1356 2679 imprimis

214 2697 323 2762 Fausti
351 2702 382 2763 et
404 2698 523 2763 Ruricii
550 2699 664 2763 rectius
692 2699 919 2782 intellegendas
943 2701 1120 2764 necessarie
1142 2704 1258 2764 essent.
1303 2700 1357 2782 qui

215 2802 298 2867 enim
333 2821 385 2867 eas
416 2803 537 2886 legerit,
572 2803 693 2867 facilius
724 2803 870 2885 iudicem,
905 2822 966 2886 quo
996 2805 1103 2888 paucis
1136 2805 1242 2869 uerbis
1276 2804 1357 2868 scitu

215 2907 402 2991 dignissima
430 2911 672 2990 componuntur,
707 2925 803 2990 quam
835 2909 1066 2992 prolegomena,
1101 2908 1214 2990 quibus
1248 2907 1357 2972 eadem

215 3011 315 3076 fusius
339 3014 525 3092 tractantur,
549 3011 767 3077 consulturum
784 3031 853 3077 esse
868 3011 1011 3078 arbitror.
1050 3014 1082 3077 in
1105 3013 1227 3077 indice
1250 3016 1355 3076 autem

215 3116 414 3181 uerborum
444 3119 480 3181 et
511 3115 767 3182 elocutionum
798 3136 871 3198 non,
903 3136 983 3199 quae
1005 3118 1061 3182 uni
1083 3117 1200 3183 Fausto
1233 3117 1357 3201 propria

215 3224 331 3302 essent,
355 3222 467 3303 solum,
491 3221 545 3285 sed
570 3222 675 3302 etiam,
699 3240 780 3304 quae
794 3221 911 3286 Fausto
932 3241 1005 3287 cum
1028 3221 1231 3305 scriptoribus
1253 3225 1357 3304 postc-

214 3327 331 3391 riomm
364 3330 541 3410 temporum
575 3328 754 3392 communia
788 3331 903 3407 essent,
937 3327 1091 3411 congessi,
1126 3326 1209 3408 quod
1243 3344 1280 3390 ea
1309 3329 1357 3389 est

215 3431 324 3496 Fausti
354 3433 496 3512 elocutio,
527 3435 562 3496 ut
592 3449 719 3515 prorsus
751 3431 864 3512 desint,
895 3449 975 3513 quae
1005 3430 1088 3514 apud
1111 3431 1188 3496 alios
1217 3429 1357 3495 eiusdem

215 3537 326 3600 aetatis
350 3536 514 3620 scriptores
531 3534 667 3601 Gallicos
689 3535 943 3618 hequentissime
964 3537 1171 3619 reperiuntur.
1200 3553 1295 3617 quam
1316 3534 1355 3597 ob

215 3659 292 3721 rem,
324 3661 362 3705 ne
393 3641 461 3724 quis
488 3641 565 3706 talia
588 3642 616 3704 ei
639 3641 795 3720 obtmdat,
826 3644 937 3704 causat
966 3644 997 3704 et
1027 3640 1170 3723 inprimis
1200 3641 1233 3704 in
1262 3638 1355 3705 rebus

215 3745 253 3809 ad
277 3745 431 3828 spatario,
462 3762 542 3827 quae
573 3749 712 3826 uocatur,
744 3744 957 3827 spectantibus
988 3745 1071 3809 intra
1101 3763 1154 3810 eos
1181 3744 1260 3809 fines
1288 3761 1356 3808 sese

215 3850 383 3930 contineat,
411 3867 488 3931 quos
516 3850 548 3913 in
576 3850 675 3914 indice
703 3853 809 3913 nostro
838 3848 1004 3937 elocutioni
1027 3849 1215 3915 Faustianos
1241 3849 1356 3914 consti-

215 3957 299 4019 tutos
323 3953 447 4018 uiderit.

985 4249 1026 4328 l.
1054 4245 1302 4349 Rngelhrecht
