3100 4892
570 434 636 488 1111.
655 434 765 488 Sermo
783 437 893 491 28-29.
1236 437 1298 502 337

161 610 223 674 tuis
246 610 328 674 circa
342 609 424 674 dona
438 614 494 674 tua
515 610 582 673 iure
605 613 636 673 te
651 627 792 674 ueneror.
827 611 933 692 itaque
956 630 1027 675 cum
1051 631 1084 676 se
1101 612 1177 678 deus
1193 617 1300 678 noster

160 715 193 778 in
215 714 342 798 algente
364 713 483 794 uestiri,
506 714 539 778 in
562 714 718 778 esuriente
740 714 835 794 refici,
859 715 890 778 in
905 733 1041 798 paupere
1056 703 1188 780 testetur
1202 717 1299 782 honu-

159 819 221 882 rari
235 818 283 882 ita
297 818 417 882 dicens:
441 817 688 900 qnisecituni
711 837 752 882 er
775 818 939 882 minimis
962 819 1063 900 istie,
1087 821 1178 884 mihi
1198 821 1298 902 fecit,

159 941 354 1005 consequens
377 925 435 1004 est,
458 925 494 986 ut
510 921 547 985 de
563 921 671 987 eiectis
688 922 753 986 suis
769 923 813 986 ita
829 923 928 986 dicere
944 941 980 987 ac
995 924 1111 988 sentire
1127 926 1298 990 credendus

159 1028 215 1092 sit:
242 1027 467 1107 reuerentiam,
499 1045 595 1109 quarn
622 1027 740 1091 sanctis
768 1027 846 1090 meis
874 1027 1006 1109 quisque
1036 1029 1142 1092 studet
1169 1029 1297 1111 deferre,
1339 1058 1351 1097 r

159 1131 239 1195 mihi
260 1131 370 1196 reddit.
416 1130 546 1214 dignum
578 1134 636 1211 est,
668 1134 704 1195 ut
725 1130 893 1196 honoretur
922 1133 953 1196 in
981 1133 1107 1197 numine
1135 1152 1215 1214 meo,
1245 1135 1299 1216 qui

159 1255 210 1299 me
237 1235 403 1300 honorauit
427 1236 460 1300 in
488 1236 640 1318 sanguine
669 1253 734 1299 suo.
780 1236 926 1300 humanis
958 1253 1030 1320 ergo
1063 1237 1298 1302 infirmitatibus

158 1339 215 1404 hos
232 1340 437 1404 meditatores
453 1340 649 1423 prouidentia
664 1341 770 1404 diuina
786 1341 959 1422 constituit,
982 1345 1016 1406 ut
1031 1345 1140 1406 mutuo
1155 1343 1299 1407 iocunde·

160 1463 219 1526 que
231 1446 419 1509 commercio
431 1449 463 1508 et
474 1445 661 1510 intercessor
673 1446 790 1509 cultore
804 1449 835 1510 et
846 1446 947 1510 cultor
959 1446 1163 1510 intercessore
1179 1465 1234 1511 suo
1247 1467 1296 1511 aa.

160 1567 238 1630 quae
262 1567 336 1612 cum
358 1549 403 1613 ita
425 1549 498 1629 sint,
526 1549 690 1628 carissimi,
721 1567 825 1614 sacros
850 1568 886 1612 ac
909 1551 1101 1614 uenerandos
1125 1554 1299 1634 martyrum
1327 1579 1352 1617 ro

161 1654 280 1717 cineres
303 1656 379 1732 tota,
403 1671 465 1735 qua
486 1670 665 1736 possumus,
688 1654 804 1718 uirtute
829 1672 1024 1735 ueneremur,
1048 1659 1083 1718 ut
1098 1656 1222 1719 ueniam
1247 1656 1300 1720 de-

161 1757 307 1822 lictorum
323 1761 512 1838 nostrorum,
533 1775 627 1838 quam
645 1758 760 1822 nostris
776 1759 896 1822 meritis
913 1758 1051 1823 obtinere
1067 1778 1129 1825 non
1145 1761 1298 1840 ualemus

160 1881 266 1926 eorum
287 1862 443 1946 suffragiis
466 1863 670 1944 impetremus
686 1866 864 1944 praestante
889 1863 947 1927 hoc
963 1864 1088 1928 domino
1104 1868 1210 1929 nostro
1226 1865 1299 1928 Iesu

159 1965 293 2047 Christo,
317 1967 369 2049 qui
391 1967 471 2030 uiuit
493 1967 525 2030 in
549 1967 676 2030 saecula
700 1968 904 2031 saeculorum.
940 1967 1052 2033 Amen.

646 2193 810 2256 xxvllss.

527 2353 629 2394 SEBMO
651 2354 694 2393 DE
717 2352 929 2394 PRN'I'EOOSTE.

200 2488 311 2566 Hodie,
334 2487 447 2552 fratres
470 2488 633 2567 carissimi,
663 2490 777 2568 omnia,
802 2506 880 2569 quae
904 2487 993 2552 nobis
1016 2489 1097 2552 lecta
1119 2491 1202 2567 sunt,
1225 2505 1297 2552 cum

157 2592 326 2656 festiuitate
356 2591 556 2657 conueniunt.
607 2592 748 2674 psalmus
781 2592 879 2655 enim:
911 2593 1022 2655 redde
1052 2591 1154 2672 mihi,
1185 2592 1297 2674 inquit,

157 2696 342 2761 laetitiam
381 2696 561 2761 salutaris
598 2697 667 2776 tui,
705 2696 842 2778 spiritu
877 2695 1077 2779 principali
1115 2697 1297 2760 confirma

157 2818 226 2880 me,
255 2800 455 2883 euangelium
478 2803 597 2864 autem:
628 2801 745 2879 uenit,
776 2799 888 2882 iuquit,
920 2801 1075 2882 spiritus
1105 2801 1296 2880 ueritatis,
1323 2826 1348 2864 eo

156 2906 310 2986 scriptura
321 2922 395 2968 uero
406 2905 618 2987 apostolomm
630 2909 771 2968 actuum:
788 2905 922 2986 repleti
936 2907 1037 2984 sunt,
1049 2905 1157 2986 inquit,
1171 2921 1296 2968 omues

156 3008 300 3092 spiritu
330 3013 468 3073 sancto.
514 3009 672 3091 compieta
701 3011 776 3072 sunt
806 3027 880 3092 ergo
903 3009 1009 3072 omnia
1032 3012 1125 3090 atque
1148 3009 1295 3090 perfecta.

155 3114 297 3196 psalmus
320 3112 490 3178 aduentum
514 3114 616 3178 sancti
639 3113 766 3195 spiritus
789 3114 886 3195 petiit,
911 3113 1110 3197 euangelium
1126 3117 1295 3176 uenturum

156 3235 225 3281 esse
246 3217 401 3300 promisit,
424 3217 579 3300 scriptura
601 3218 842 3300 apostolicorum
863 3220 990 3282 actuum
1011 3218 1074 3282 iam
1091 3218 1213 3281 uenisse
1230 3235 1296 3280 me·

156 3323 298 3388 morauit.
345 3323 423 3386 nihil
453 3323 557 3404 itaque
587 3324 624 3388 de
651 3340 757 3387 rerum
781 3323 957 3387 diuinarum
981 3322 1087 3386 urdine
1110 3322 1141 3386 iu
1164 3322 1295 3386 lectione
1321 3345 1346 3384 2⁵

156 3427 252 3506 deest,
276 3427 349 3509 quia
370 3427 404 3490 in
425 3426 578 3508 propheta
599 3427 775 3509 deprecatio
799 3430 856 3506 est,
879 3427 912 3491 iu
936 3426 1097 3510 euangelio
1120 3425 1294 3509 promissio,

154 3531 187 3596 in
202 3530 325 3596 actibus
340 3531 509 3614 plenitudo.
542 3532 580 3596 de
600 3531 668 3614 ipso
692 3533 775 3595 enim
799 3531 909 3613 spiritu
933 3534 1040 3594 sanctu
1064 3530 1159 3594 etium
1184 3529 1293 3594 beatus

259 3703 288 3773 3]
306 3703 402 3757 motu.
415 3706 457 3768 25,
469 3705 511 3758 40.
579 3703 622 3772 18]
641 3702 796 3771 Psalmid,
811 3703 850 3758 14.
915 3702 961 3772 20]
980 3702 1180 3767 Ioann.16‚13.
1246 3701 1293 3770 21]

155 3790 214 3845 Aac
226 3793 254 3859 2,
265 3794 290 3846 4.
307 3793 333 3856 4,
345 3793 387 3847 31.

197 3950 215 4004 8
233 3947 316 4002 michi
334 3948 363 4001 P
424 3951 441 4004 8
459 3945 633 4000 meditatores
650 3948 756 4015 scripsi,
775 3945 945 3999 medicatoris
963 3947 999 4000 ΡἸ
1058 3949 1074 4001 9
1093 3946 1249 3998 commertio
1268 3945 1295 3998 P

156 4035 226 4091 decet
242 4037 356 4090 meum
409 4037 441 4089 16
459 4035 503 4090 tic
514 4051 600 4090 miano
612 4040 637 4088 ct
648 4033 702 4089 duo
720 4039 855 4104 rependes
873 4039 979 4088 ecstumt
996 4034 1027 4086 in
1044 4032 1134 4088 codice
1146 4032 1293 4101 Rcyinerrri

155 4124 204 4191 (B)
221 4127 274 4177 498
290 4139 357 4178 suec.
374 4121 594 4176 ΧΠΙ-ΧΗΠ
610 4121 658 4190 fol.
676 4125 711 4176 71
716 4121 728 4153 ⁶
745 4123 805 4176 sirac
822 4122 940 4176 umor-is
958 4121 1074 4187 omnine,
1096 4119 1144 4174 scd
1161 4118 1293 4174 amaccdit

156 4213 286 4265 uacuus
302 4225 324 4262 s.
341 4207 434 4263 Fausti
451 4207 485 4262 de
496 4207 648 4262 ascensione
666 4206 769 4261 domini
787 4207 896 4277 (maipa
913 4206 979 4260 scire
992 4205 1118 4259 debemus
1131 4203 1177 4275 [=
1192 4205 1290 4260 Eruet.

155 4299 222 4354 uon.
234 4295 309 4366 26]);
330 4295 398 4351 editi
417 4301 482 4351 sont
499 4296 533 4350 ut
552 4295 623 4363 nup.
636 4295 725 4362 Maio,
742 4295 860 4363 spicilcp.
874 4294 951 4350 Rom.
970 4293 995 4348 V
1010 4297 1044 4346 85
1061 4309 1133 4362 sqq.,·
1155 4306 1241 4346 sermo
1259 4290 1292 4344 de

155 4386 305 4452 pennum
321 4383 350 4438 B
402 4385 435 4438 19
452 4381 587 4436 laticum
602 4381 631 4436 B
682 4383 714 4436 27
733 4380 816 4434 eciam
836 4381 863 4434 R

206 4479 259 4520 m.
274 4478 347 4520 huet.
1103 4469 1136 4517 22
