3100 4892
526 462 753 531 Epistularum
771 461 853 518 lib.I
874 465 982 518 17-18.
1263 461 1324 525 371

184 635 305 701 intioiat
334 640 389 702 aut
417 637 541 702 mollior
570 637 714 702 sollicitet
742 641 845 702 taetus
877 641 932 702 ant
958 638 1083 702 suauior
1110 636 1256 701 odoratus
1279 637 1328 700 in-

184 740 271 804 lioiat
293 745 325 806 et
345 761 401 824 per
423 742 577 806 fenestras
600 742 737 827 eorporis
759 760 843 807 mors
867 742 1092 806 intromittatur
1116 741 1154 805 ad
1179 740 1327 820 animam,

184 845 240 909 sod
263 864 364 928 nequa
387 847 504 911 stiuam
526 849 636 911 tenens
659 851 769 912 eontra
791 847 907 911 domini
928 847 1117 911 sententiam
1133 849 1215 910 retro
1230 845 1328 927 respi-

185 950 259 1030 oias‚
283 954 319 1014 ut
340 951 492 1016 dimotum
514 951 615 1016 lineae
635 953 740 1017 snlous
764 953 901 1032 amittat,
925 951 997 1034 quin
1018 951 1121 1033 potins
1136 951 1182 1015 ita
1196 951 1229 1013 in
1245 968 1327 1029 eum,

185 1053 237 1118 oni
258 1059 290 1118 te
313 1056 381 1139 ipso
404 1056 576 1139 inspiranto
600 1056 726 1137 uonisti‚
749 1056 895 1122 omnibns
911 1054 1055 1120 sensibus
1071 1053 1172 1118 inhies
1189 1057 1221 1118 et
1236 1052 1327 1118 eorde
1354 1078 1367 1116 s

184 1157 304 1222 defixus
334 1160 514 1241 adhaereas,
544 1164 589 1242 nt,
620 1177 693 1224 oum
721 1165 753 1225 te
781 1160 832 1224 uel
859 1178 923 1225 nna
944 1159 1155 1243 praefatorum
1178 1158 1326 1223 uitiorum

183 1261 267 1326 inlex
282 1263 383 1328 forma
397 1265 580 1348 pulsauerit,
599 1263 660 1329 fide
676 1264 768 1330 firma
783 1267 815 1329 et
830 1264 937 1329 diuina
952 1263 1155 1328 meditatione
1171 1263 1327 1326 munitum

184 1370 294 1449 peetus
324 1367 407 1432 adim
430 1386 494 1433 non
515 1369 623 1452 possit.
670 1374 712 1450 et,
734 1368 910 1453 quamlibet
936 1369 968 1433 in
992 1366 1092 1432 turbis
1115 1366 1241 1450 positus.
1259 1385 1327 1430 esse

184 1469 330 1552 uideatis,
360 1472 481 1537 intrans
511 1472 544 1537 in
575 1473 754 1538 euhionlnm
777 1473 877 1538 oorois
901 1473 946 1537 tui
969 1473 1074 1537 olauso
1096 1472 1175 1536 ostio
1198 1474 1250 1535 tuo
1274 1471 1327 1535 do-

183 1574 306 1640 minum
330 1593 417 1640 orare
440 1594 502 1641 non
525 1577 660 1658 desinas,
687 1579 732 1657 nt,
756 1578 810 1659 qui
836 1577 922 1641 uidet
943 1577 976 1640 in
999 1577 1129 1657 occulto,
1152 1575 1235 1639 dieat
1256 1573 1325 1656 tibi,
1354 1598 1379 1638 ιο

183 1679 266 1744 sient
295 1684 403 1745 saneto
425 1679 530 1764 Moysi
558 1681 744 1746 uociferanti
766 1681 805 1745 ad
829 1701 862 1745 se
886 1698 947 1745 non
971 1698 1057 1762 noos,
1089 1680 1145 1744 sed
1166 1679 1257 1744 oorde
1280 1679 1326 1742 di-

184 1782 291 1848 cebat:
326 1783 416 1866 qnid
439 1785 578 1849 olamas
602 1786 745 1850 adme?
785 1789 816 1850 et
838 1803 939 1868 spero,
963 1784 1052 1849 utin
1075 1783 1191 1849 talibus
1215 1783 1326 1848 oratio-

183 1887 276 1950 nibus
292 1888 389 1952 etiam
404 1889 467 1952 mei
482 1889 664 1953 meminisse
686 1889 823 1973 digneris
841 1891 873 1953 ot
892 1888 983 1953 eitius
1003 1892 1034 1952 te
1054 1888 1095 1951 ad
1114 1904 1181 1968 nos,
1202 1887 1325 1951 etiamsi

183 1995 291 2055 noster
320 2009 382 2056 non
411 1992 532 2057 rednoit
561 1992 701 2074 effeetus,
731 1992 920 2058 desidorium
951 1992 1149 2057 dulcissimae
1180 1995 1213 2055 et
1241 1991 1325 2056 saln-

184 2095 336 2160 berrimae
360 2097 472 2178 qnietis
496 2097 637 2161 adducat.
1351 2117 1376 2158 ιι

287 2285 316 2354 a]
333 2284 431 2340 man.
443 2287 469 2350 o,
481 2287 505 2341 a.
560 2286 605 2354 ιι]
623 2285 705 2340 moe.
720 2288 761 2350 ιι,
775 2289 816 2342 15.

228 2457 353 2514 linlioet
372 2458 400 2528 S,
419 2477 516 2515 corto
566 2457 637 2528 aa]
656 2460 688 2511 ut
705 2459 755 2514 Kr.
812 2457 1016 2513 [tadhereasS
1077 2459 1109 2514 13
1127 2455 1324 2514 mimenissoS

183 2545 344 2613 dignarisS
395 2548 426 2600 14
445 2545 546 2614 noster]
562 2543 640 2614 nis,
659 2545 762 2600 intono
816 2543 881 2614 non]
894 2561 969 2599 noso
1023 2543 1321 2613 manducantem:

183 2615 241 2702 effi
259 2631 352 2685 domni
370 2631 461 2685 ruricii
479 2631 623 2701 epistolari
641 2617 681 2685 lis)
698 2631 801 2701 primns
819 2613 890 2700 inffp
908 2629 976 2684 iiber
994 2629 1022 2684 Π
