3100 4892
249 391 313 457 238
672 392 738 448 IIII.
756 392 867 448 Sermo
884 395 961 448 4-5.

249 569 466 652 praesentibus
490 588 585 649 esses,
608 570 666 634 hoo
689 569 756 634 sine
779 568 874 634 dubio
895 569 1112 654 responderes:
1146 588 1203 652 pro
1226 589 1278 633 me
1300 573 1388 635 stans

250 674 345 754 oraui,
369 674 442 756 quia
463 691 519 758 pro
542 692 603 753 me,
630 674 682 756 qui
704 677 788 739 reote
810 673 867 738 deo
890 673 1017 754 seruiui,
1040 674 1072 739 iu
1095 674 1211 739 orando
1234 677 1268 738 et
1289 675 1389 758 impe·

250 778 360 842 trando
376 797 438 843 non
453 777 603 858 laboraui,
626 778 707 860 quia,
731 779 785 860 qui
799 795 855 860 pro
874 779 957 842 iusto
973 783 1050 859 orat,
1072 797 1135 843 non
1157 778 1290 844 laborat.
1320 778 1388 844 ideo

250 885 337 946 stans
359 900 415 965 pro
439 901 473 946 se
496 882 605 947 orauit.
653 883 725 946 inde
747 886 879 947 uentum
902 886 961 963 est,
992 886 1029 946 ut
1049 886 1153 948 oraret
1174 901 1231 967 pro
1253 883 1388 962 Iudaeis,

210 1009 224 1049 s
249 1005 305 1070 pro
333 987 583 1052 interfectoribus
607 987 731 1068 Christi,
758 1005 814 1071 pro
840 987 1092 1052 interfectoribus
1114 991 1307 1068 sanotorum,
1333 1005 1388 1071 pro

249 1091 473 1174 lapidatoribus
497 1091 572 1155 suis.
608 1092 680 1173 quia
703 1090 845 1156 adtendit
867 1091 995 1156 nimiam
1019 1094 1051 1156 et
1072 1109 1222 1176 magnam
1244 1110 1315 1156 esse
1329 1091 1389 1156 im-

249 1196 399 1278 pietatem
422 1196 571 1280 ipsorum,
594 1214 674 1279 quae
697 1195 822 1260 diffieile
843 1196 952 1260 donari
973 1195 1082 1280 pessit,
1105 1195 1304 1279 genuflexit

292 1300 458 1365 Imitemur
485 1319 568 1385 ergo,
598 1301 709 1364 fratres
737 1300 942 1380 dilectissimi,
974 1301 1025 1364 uel
1052 1301 1085 1365 in
1112 1303 1266 1382 quantum
1292 1299 1389 1364 dona·
1465 1351 1468 1354 .

250 1404 332 1468 uerit
358 1404 444 1486 deus,
472 1404 601 1469 beatum
624 1403 833 1487 Stephanum,
861 1404 1029 1489 diligamus
1056 1422 1118 1469 non
1146 1404 1249 1469 solum
1271 1404 1387 1468 amieos

199 1533 224 1572 ro
251 1509 306 1572 sed
333 1508 427 1573 etiam
449 1508 602 1589 inimicos,
629 1510 701 1591 quia
724 1509 802 1572 nihil
829 1511 887 1589 est,
916 1509 998 1572 unde
1024 1508 1069 1573 sie
1096 1512 1129 1572 et
1153 1512 1283 1590 peooata
1307 1507 1388 1572 redi·

251 1631 336 1677 mere
359 1617 391 1678 et
413 1613 571 1679 diabolum
595 1613 719 1678 uiuoere
743 1617 774 1677 et
797 1614 892 1678 deum
913 1613 1037 1696 plaeere
1059 1613 1227 1698 possimus.
1255 1612 1388 1695 denique

252 1717 296 1780 sio
318 1717 385 1800 ipse
408 1718 551 1782 dominus
574 1717 664 1782 dixit:
703 1717 788 1782 date
816 1721 853 1782 et
880 1717 1030 1782 dabitur
1056 1717 1179 1797 uobis,
1207 1717 1387 1781 dimittite
1486 1706 1490 1714 ’

252 1823 289 1886 at
315 1821 529 1886 dimittetur
556 1822 678 1902 uobis,
710 1823 893 1886 etiterum:
925 1822 956 1886 si
982 1821 1205 1886 dimiseritis
1232 1821 1388 1886 homini·

251 1925 318 1989 bus
352 1929 508 2008 peecata
537 1944 678 2006 eorum,
713 1926 883 1991 dimittet
911 1930 947 1990 et
979 1925 1086 1990 uobis
1120 1929 1228 2009 pater
1261 1927 1388 1989 uester

200 2053 225 2094 rs
252 2031 429 2095 caelestis
456 2031 595 2096 delieta
624 2036 752 2095 uestra
782 2036 818 2095 et
844 2035 978 2097 detera.
1024 2031 1138 2111 uidete,
1172 2031 1297 2109 fratres,
1330 2028 1389 2092 mi-

252 2134 451 2199 sericordiam
474 2135 591 2199 domini
615 2137 722 2199 nostri.
750 2137 783 2200 in
810 2138 966 2218 potestate
989 2138 1096 2200 nostra
1116 2135 1229 2217 posuit,
1257 2133 1389 2214 qualiter

250 2239 282 2302 in
307 2239 355 2304 die
378 2240 482 2304 iudioii
504 2239 721 2304 iudicaremur.
763 2239 792 2303 si
814 2241 1018 2320 dimittamus,
1042 2239 1216 2304 dimittetur
1239 2236 1340 2317 nobis,
1363 2237 1389 2300 si

252 2362 313 2408 non
337 2343 542 2424 dimittamus,
566 2362 628 2408 uon
651 2344 826 2408 dimittetur
849 2342 949 2408 nobis.
980 2343 1147 2428 diligamus
1170 2359 1253 2426 ergo,
1276 2342 1388 2406 fratres

252 2447 458 2528 dilectissimi,
481 2466 543 2512 nou
560 2449 662 2512 solum
682 2449 798 2512 amieos
814 2449 868 2511 sed
885 2448 979 2511 etiarn
1001 2447 1156 2528 iuimioos,
1179 2451 1215 2511 ut
1229 2447 1269 2510 ad
1291 2443 1388 2510 tribu·

200 2575 226 2615 ro
252 2552 305 2615 nal
327 2551 437 2616 iudieis
461 2552 580 2616 aeterni
607 2571 679 2616 oum
702 2570 811 2617 secura
833 2553 1023 2617 couscientia
1049 2552 1214 2616 ueniamus
1237 2551 1386 2614 dieentes:

252 2656 302 2736 ds,
325 2655 459 2736 domine,
482 2657 555 2737 quia
578 2655 731 2737 dedimus,
753 2657 886 2737 dimitte,
909 2656 984 2737 quia
1004 2655 1192 2720 dimisimus.
1236 2671 1293 2718 nos
1316 2653 1387 2718 feei·

252 2780 334 2840 mus,
357 2761 439 2842 quod
460 2761 591 2842 iussisti,
614 2765 649 2826 tu
671 2761 776 2845 imple,
801 2761 882 2844 quod
904 2760 1084 2843 promisisti,
1106 2760 1190 2842 quod
1211 2759 1279 2842 ipse
1301 2775 1387 2842 prae-

252 2862 359 2945 stabit,
389 2865 443 2948 qui
469 2883 541 2929 oum
567 2869 655 2948 patre
682 2866 761 2930 uiuit
789 2869 820 2930 et
845 2868 957 2949 regnat
983 2883 1056 2929 eum
1082 2865 1194 2947 spiritu
1221 2867 1330 2928 saneto
1354 2862 1386 2926 iu

253 2970 380 3034 saecula
402 2971 606 3034 saeculorum.
631 2969 744 3036 Amen.

200 3151 227 3192 25
802 3126 840 3191 V.

461 3271 563 3313 SERMO
586 3273 617 3312 IN
639 3272 756 3313 NATALI
780 3272 940 3313 INFANTUH
962 3268 1183 3313 Inuocurmmu.

297 3388 408 3469 Hodie,
431 3389 544 3453 iratres
560 3389 724 3469 carissimi,
747 3390 886 3453 natalem
908 3389 1034 3454 illorum
1055 3387 1226 3452 infantium
1247 3387 1386 3467 colimus,

253 3511 331 3574 quos
354 3492 393 3557 ab
409 3493 531 3558 Herode
554 3511 627 3577 rege
648 3493 827 3558 interiectos
850 3512 919 3557 esse
941 3493 1096 3577 euangelii
1117 3495 1221 3557 textus
1243 3492 1385 3573 loquitur.

358 3664 402 3734 12]
421 3662 484 3719 nuc.
497 3667 521 3730 o,
534 3668 576 3722 ss.
588 3668 630 3721 sr.
685 3665 729 3735 rs]
748 3665 842 3719 uaria.
855 3667 880 3729 s,
895 3667 934 3721 14.

298 3825 448 3891 lfortusee
469 3823 497 3876 iu
519 3821 702 3892 praesentibus
723 3823 895 3878 emehardum
961 3819 1081 3876 tiudeis
1099 3822 1129 3875 D
1198 3818 1388 3888 dquieddten·

255 3909 296 3963 dit
314 3911 343 3964 D
404 3912 489 3977 uque
508 3909 610 3964 defioile
628 3911 658 3964 D
719 3909 897 3967 8emitamur
915 3909 943 3963 D
999 3910 1031 3963 10
1049 3905 1184 3961 redemere
1201 3907 1231 3961 D
1284 3909 1315 3962 11
1335 3904 1388 3959 dis·

254 3995 321 4050 buliu
339 3996 370 4051 D
430 3998 463 4052 12
486 3995 596 4050 demitte
619 3997 648 4050 D
710 3998 742 4051 13
761 3995 918 4049 demittetur
936 3996 965 4049 D
1026 3993 1185 4048 demirer-itis
1203 3993 1233 4048 D
1295 3995 1329 4049 14
1345 3991 1388 4045 de·

255 4084 346 4138 mittet
368 4085 397 4138 D
468 4082 692 4138 redamaremus
714 4082 872 4137 demittetur
892 4083 923 4137 D
943 4088 1056 4152 osope
1079 4083 1137 4138 looo
1206 4083 1241 4136 20
1260 4079 1345 4134 eterni
1360 4078 1389 4133 D

254 4173 287 4227 21
302 4170 413 4226 demitte
425 4172 455 4225 D
507 4169 663 4224 demisimus
674 4172 704 4225 D
756 4173 791 4225 26
807 4171 1001 4239 incipitsermo
1014 4167 1055 4222 iirt
1067 4167 1174 4222 infanti
1190 4166 1271 4221 illorri
1289 4166 1387 4220 disoen-

256 4255 724 4326 dus(sie!)D;esstotdioamro
741 4259 813 4312 trater
838 4257 934 4313 dubios
957 4251 1388 4326 depastiosimomOCXX

256 4345 310 4416 (39,
327 4349 398 4401 2152
415 4345 467 4412 Μ.)
519 4347 553 4400 28
571 4343 648 4398 orode
666 4345 696 4399 D
747 4343 898 4412 euuangelii
919 4344 949 4399 D
