3100 4892
640 425 811 482 ffiffll
1273 425 1294 489 9

160 606 193 669 in
223 622 360 668 uanum
394 603 567 668 laborant
597 603 660 685 qui
691 603 897 667 aedificant
927 604 1031 665 eam?
1076 602 1158 684 quod
1188 602 1296 684 utique

159 708 284 773 elationi
313 709 381 772 sine
407 709 508 791 gratia
534 707 681 790 perlicere
709 707 896 790 denegatur,
927 705 1094 770 humilitati
1121 724 1196 770 nero
1223 724 1296 770 cum

158 814 257 896 gratia
279 813 399 894 inplere
422 811 608 876 conceditur.

199 917 403 998 Prosequitur
433 917 533 980 adhuc
563 916 709 999 Pelagius
741 915 844 979 Adam
877 915 1043 978 mortalem
1073 915 1203 994 factum,
1230 914 1295 996 qui,

158 1023 222 1086 siue
246 1024 410 1104 peccasset
433 1021 499 1084 siue
526 1037 589 1084 nou
616 1023 787 1103 peccasset,
815 1023 899 1084 esset
920 1019 1099 1083 moritmns.
1146 1019 1201 1083 sed
1223 1037 1295 1082 cnm
1334 1037 1348 1075 ⁵

158 1127 238 1190 dicat
262 1125 436 1208 apostolus:
460 1129 673 1208 propterea,
696 1125 806 1206 inquit,
834 1124 933 1188 sicut
958 1143 1022 1206 per
1049 1142 1161 1187 unum
1183 1123 1297 1188 homi·

158 1249 238 1294 nem
270 1230 307 1293 in
334 1228 431 1294 hunc
459 1229 632 1294 mundum
659 1233 854 1312 peccatum
882 1229 1042 1292 intrauit
1069 1231 1105 1292 et
1131 1247 1194 1311 per
1216 1247 1297 1311 pec-

158 1339 279 1398 catum
304 1351 415 1414 mors,
439 1334 605 1416 intellegis
634 1335 715 1415 quia,
747 1333 773 1397 si
797 1336 960 1416 peccatum
982 1351 1044 1396 non
1067 1333 1297 1416 praecessisset,

157 1456 240 1501 mors
258 1441 365 1502 secuta
381 1455 440 1501 non
459 1441 542 1500 esset
562 1441 592 1500 et
608 1437 722 1502 donata
737 1436 946 1501 inmortalitas
969 1437 1179 1517 perdurasset,
1201 1455 1297 1518 quam

157 1544 263 1623 ntique
292 1541 496 1605 manifestum
523 1545 571 1606 est
599 1541 656 1605 sub
684 1541 843 1624 proposita
869 1541 938 1624 lege
960 1541 1143 1623 praestitam
1171 1545 1296 1604 etcum
1324 1557 1349 1594 ¹0

157 1645 332 1710 conditione
360 1645 526 1725 conlatam,
554 1650 599 1725 ut,
623 1645 649 1708 si
674 1663 734 1709 non
758 1644 939 1708 recessisset
961 1643 1114 1727 superbus
1142 1643 1181 1708 ab
1205 1645 1297 1708 oboe-

158 1751 282 1830 dientia,
306 1753 504 1830 permaneret
526 1753 671 1813 aeternus
694 1749 726 1812 in
750 1749 858 1831 gloria.
904 1766 978 1812 nam
1001 1766 1073 1812 cum
1095 1747 1295 1812 interdictum

157 1855 291 1918 caeleste
315 1855 469 1918 sanxisset
497 1853 618 1916 dicens:
650 1854 685 1917 in
712 1871 944 1935 quacumque
971 1851 1027 1916 die
1055 1853 1296 1916 comederitis

158 1959 197 2022 de
219 1959 324 2040 ligno
353 1958 532 2021 scientiae
556 1957 643 2022 boni
671 1961 705 2020 et
729 1957 832 2037 mali,
860 1961 977 2020 morta
1000 1956 1225 2036 moriemini,
1248 1957 1296 2020 in-

158 2063 232 2126 liciti
248 2065 361 2145 gustus
382 2061 562 2125 malesuada
585 2062 797 2145 praesumptio
818 2062 901 2124 facta
923 2064 971 2126 est
987 2079 1022 2123 er
1039 2059 1192 2124 accidenti
1214 2079 1297 2124 mor·
1324 2079 1348 2116 1⁵

160 2167 197 2230 tis
219 2166 351 2230 occasio.
384 2169 516 2245 morte,
538 2166 649 2246 inquit,
673 2165 853 2230 morieris.
888 2166 914 2228 si
938 2165 1015 2228 nihil
1037 2165 1200 2248 largientis
1223 2183 1296 2228 con-

161 2271 227 2334 tulit
249 2269 361 2353 gratia,
390 2270 463 2351 quid
488 2271 640 2351 estquod
668 2269 798 2333 abstulit
821 2269 1000 2332 damnantis
1023 2267 1167 2332 offensa?
1211 2286 1295 2332 mors

160 2373 271 2456 itaque,
296 2373 326 2437 id
351 2377 399 2438 est
421 2375 620 2457 peregrinum
643 2377 674 2438 et
697 2373 909 2438 aduenticium
931 2373 1052 2436 malum
1074 2390 1136 2437 non
1160 2376 1207 2436 est
1222 2372 1295 2437 crdo

161 2481 297 2558 naturae,
326 2479 380 2541 sed
407 2496 508 2561 poena
535 2478 718 2542 sententiae.
765 2478 953 2558 quoniam,
981 2477 1098 2557 inquit,
1126 2477 1295 2540 dominus

160 2586 312 2646 mortem
335 2600 406 2646 non
429 2582 529 2646 fecit.
566 2582 786 2646 aeternitatem
803 2581 954 2644 creditam
969 2580 1066 2644 fuisse
1082 2580 1202 2644 homini
1216 2580 1295 2644 liuor
1322 2601 1348 2638 cc

160 2685 223 2767 ipse
246 2689 379 2750 testatur
402 2685 518 2749 inimici
542 2689 582 2766 et,
606 2687 678 2768 quia
697 2685 726 2749 ei
742 2685 1000 2749 inmortalitatem
1016 2684 1153 2748 deiectus
1174 2683 1295 2764 inuidit,

161 2788 227 2852 ideo
257 2808 385 2854 causam
416 2790 525 2853 mortis
560 2790 692 2872 ingessit
721 2789 869 2854 diceudo:
904 2789 940 2852 in
975 2806 1204 2870 quacumque
1238 2789 1294 2852 die

161 2893 395 2958 comederitis
423 2894 465 2958 de
496 2893 598 2976 ligno
626 2893 706 2972 hoc,
738 2894 954 2975 aperientur
984 2892 1082 2979 oculi
1114 2893 1231 2956 uestri
1260 2895 1296 2956 et

161 2996 262 3059 eritis
286 2997 385 3060 sicut
408 2997 468 3060 dii.
514 2997 540 3060 si
556 2997 613 3060 hoc
629 3001 754 3060 tantum
770 2997 909 3061 dixisset:
934 3015 1005 3060 cum
1022 2996 1294 3076 manducaueritis,

160 3099 333 3164 satietatem
357 3101 394 3164 de
419 3099 480 3164 cibi
504 3100 667 3164 suauitate·
682 3101 820 3183 capietis,
843 3120 942 3182 usque
965 3101 1003 3164 ad
1027 3101 1295 3182 concupiscentiae
1322 3121 1347 3160 2⁵

160 3203 289 3268 carnalis
316 3204 506 3268 inlecebram
533 3205 738 3288 transgressio
764 3205 968 3289 peruenisset.
1011 3223 1082 3267 cum
1113 3223 1187 3268 uero
1214 3205 1295 3268 hanc

160 3308 427 3387 praeuaricationis
451 3309 645 3390 proposuerit
668 3309 763 3372 finem
795 3310 936 3373 dicendo:
968 3309 1076 3372 eritis
1108 3309 1206 3372 sicut
1228 3309 1293 3388 dii,

161 3409 316 3476 edacitatis
330 3412 423 3495 culpa
434 3431 531 3494 usque
548 3413 585 3475 ad
603 3413 773 3476 diuinitatis
791 3413 945 3477 ambitum
961 3417 993 3476 et
1009 3432 1106 3494 usqua
1123 3414 1161 3476 ad
1177 3414 1294 3478 crimen

159 3515 327 3580 maiestatis
353 3515 494 3580 accessit.
528 3516 602 3580 facti
626 3520 700 3580 sunt
724 3535 797 3598 ergo
820 3517 902 3580 sicut
924 3518 966 3580 dii
982 3517 1062 3582 douo
1084 3517 1202 3600 gratiae
1225 3536 1295 3580 cae-

158 3617 243 3682 lestis
259 3620 340 3684 exuti
364 3620 447 3683 etde
463 3619 573 3684 beatae
594 3620 738 3684 stationis
754 3620 889 3683 culmine
908 3621 1089 3703 proturbati,
1113 3639 1149 3684 ac
1170 3622 1214 3684 sic
1230 3622 1294 3685 cal·
1320 3643 1347 3681 ec

157 3721 237 3785 lidus
259 3742 385 3808 serpens
408 3742 463 3806 pro
487 3724 649 3808 superbiae
673 3725 755 3789 malo
780 3724 895 3788 ciectus
912 3745 928 3788 e
944 3725 1029 3789 caelo
1052 3725 1213 3790 machinas
1234 3725 1294 3789 sibi

260 3922 1292 3995 fflmffllfflmmlfflwmdwffldt

203 4101 1291 4176 NJmfflmfimcmfflPwmmPssffl

161 4188 1292 4262 mmmffimffimmmfflfffflfflPHmm

159 4275 1168 4348 owwwmpmummwammmw
1226 4283 1291 4349 w

158 4358 823 4422 mw2mmw3mmw
