3100 4892
601 423 667 477 1111.
687 425 796 477 Sermo
816 425 855 478 17.

679 650 779 714 XVII.

156 795 201 835 DE
224 794 379 836 LEOTIONB
402 795 583 854 andnuman,
615 795 665 836 UBI
697 793 765 835 ΔΙΤΖ
797 792 928 834 NESOIAT
952 790 1093 833 SINISTRA
1120 790 1194 849 TUA,
1224 790 1300 838 QUID

541 897 656 940 PAGIA'I'
679 896 827 940 DEXTERA
849 897 922 940 TUA.

200 1015 392 1106 Euangeliea
414 1016 518 1096 lectio,
547 1017 660 1080 iratres
688 1013 853 1094 carissimi,
881 1032 960 1095 quae
989 1011 1079 1077 nobis
1106 1012 1198 1077 modo
1224 1012 1302 1075 reoi-

154 1125 223 1184 tata
246 1123 304 1200 est,
332 1120 455 1185 uidetur
478 1121 564 1200 mibi,
588 1120 669 1202 quod
692 1120 866 1184 secundnm
887 1119 1026 1183 litteram
1049 1134 1111 1181 non
1133 1117 1233 1198 possit
1254 1116 1303 1179 in·
1330 1143 1343 1182 a

155 1224 279 1309 tellegi,
310 1228 343 1288 et
372 1225 440 1288 ideo
471 1225 528 1289 deo
560 1225 727 1288 auxiliante
758 1226 968 1304 requiramus,
1001 1221 1134 1303 qualiter
1165 1219 1205 1284 ud
1236 1220 1302 1283 eius

156 1329 331 1412 spiritalem
355 1347 483 1392 sensnm
506 1330 668 1411 peruenire
692 1329 858 1411 possimus.
902 1327 946 1392 sio
970 1327 1053 1389 enim
1080 1325 1138 1389 ait:
1177 1325 1304 1388 adten-

157 1434 251 1513 dite,
278 1453 321 1498 ne
344 1433 532 1497 iustitiam
560 1437 722 1497 uestram
748 1432 901 1495 faciatis
924 1449 1047 1496 eoram
1077 1428 1304 1509 hominibus,

157 1542 199 1601 ιιι
221 1537 424 1602 uideamini
447 1537 490 1601 ab
515 1538 582 1617 eis,
608 1541 639 1601 et
661 1537 789 1601 iterum:
821 1555 902 1600 cum
925 1535 1020 1599 fecis
1044 1535 1304 1616 elimosynam,

157 1643 306 1706 nesciat
328 1642 485 1706 sinistra
508 1645 586 1722 tua,
609 1641 696 1723 quid
719 1641 836 1705 faeiat
858 1640 1014 1704 dextera
1035 1642 1112 1718 tua,
1136 1655 1208 1702 cnm
1231 1636 1305 1700 alibi
1333 1661 1358 1700 n

158 1746 260 1810 meat:
292 1746 346 1810 sic
375 1747 499 1810 luceat
528 1746 588 1809 lun
618 1749 747 1809 uestra
774 1763 898 1808 coram
930 1743 1160 1822 hominibus,
1190 1745 1230 1806 ιιι
1256 1742 1307 1804 ui-

159 1850 273 1916 deant
300 1869 411 1933 opera
438 1853 567 1916 uestra
593 1850 697 1914 bona.
746 1850 909 1933 diligenter
933 1848 1100 1928 adtendite,
1128 1848 1252 1927 fratres,
1277 1849 1308 1910 et

159 1955 357 2020 intellectum
380 1955 504 2019 diuinae
527 1956 698 2038 scripturae
725 1954 886 2018 humiliter
908 1957 940 2017 et
967 1954 1124 2035 sapienter
1147 1950 1305 2034 requirite.

160 2077 223 2124 non
254 2059 337 2123 enim
365 2059 423 2124 sibi
450 2059 516 2142 ipse
540 2059 684 2123 dominus
712 2061 744 2122 in
768 2058 949 2142 euangelica
976 2056 1108 2120 lectione
1134 2055 1307 2120 contrarius

162 2183 230 2228 esse
259 2167 371 2248 potest.
418 2182 492 2228 nam
516 2164 589 2246 quia
616 2164 822 2246 elimosynam
849 2167 882 2227 et
904 2163 1023 2227 occulte
1051 2161 1118 2225 lieri
1144 2161 1211 2243 ipse
1234 2160 1309 2224 dixit
1335 2182 1360 2221 ιι

162 2273 194 2333 et
217 2269 286 2352 ipse
310 2269 471 2333 admonuit
493 2267 628 2350 publice,
659 2271 694 2332 ut
725 2268 784 2332 sibi
806 2271 973 2356 praecepta
1000 2266 1066 2330 eius
1091 2284 1152 2330 non
1179 2264 1306 2328 uidean-

162 2379 215 2436 tur
252 2391 320 2436 esse
356 2373 526 2452 contraria,
562 2373 755 2436 intellectum
791 2370 931 2436 sobrium
964 2371 1094 2453 quaerit.
1141 2369 1194 2450 qui
1224 2369 1307 2432 enim

165 2478 235 2542 ideo
259 2477 335 2541 fucit
359 2477 575 2559 elimosynam,
599 2479 634 2540 nt
658 2475 696 2540 ab
724 2474 905 2540 hominibus
934 2494 967 2537 se
995 2473 1117 2538 laudari
1144 2472 1307 2552 desideret,

165 2583 261 2646 etiam
294 2582 319 2645 si
351 2583 471 2646 occulte
499 2581 617 2661 feeerit,
650 2581 773 2664 publice
806 2581 891 2660 facit,
924 2580 997 2662 quia
1026 2579 1152 2642 landem
1183 2577 1222 2641 ab
1253 2577 1308 2641 ho·

165 2685 304 2750 minibus
336 2686 465 2767 quaerit.
512 2686 563 2766 qui
596 2703 669 2749 nero
703 2685 908 2767 elimosynam
939 2700 995 2766 pro
1025 2684 1091 2747 solo
1122 2700 1228 2746 amore
1259 2673 1308 2744 dei
1335 2704 1361 2742 ee

164 2789 249 2870 lacit,
277 2794 314 2853 ub
340 2789 428 2853 illum
456 2781 494 2853 ad
521 2807 599 2871 opus
627 2789 746 2854 bonum
769 2789 880 2871 reliqui
906 2789 1069 2852 imitentur
1093 2791 1124 2851 et
1147 2803 1209 2851 non
1232 2785 1309 2868 ipse,

165 2895 217 2959 sed
242 2893 388 2958 dominus
412 2893 624 2974 conlaudatur,
656 2894 750 2958 etiam
774 2894 801 2956 si
823 2891 946 2975 publice
973 2892 1069 2955 faeiat
1091 2891 1309 2973 elimosynam,

166 2999 317 3063 absconse
340 2999 424 3078 facit,
448 2999 521 3080 quia
543 3017 598 3081 pro
622 2999 793 3081 elimosyna
817 2998 870 3062 illa
894 3015 955 3061 non
979 2998 1047 3076 hoc,
1071 2996 1152 3078 quod
1175 2995 1309 3074 uidetur,

271 3215 299 3284 l]
318 3214 488 3278 Marenen
544 3215 572 3283 9]
591 3214 687 3268 Muttb.
702 3217 724 3277 6,
739 3217 762 3269 3.
819 3213 863 3282 ll]
882 3213 1017 3277 Mauso,
1033 3216 1071 3268 16.

209 3419 225 3471 2
244 3415 317 3484 inciyi
336 3415 367 3468 de
385 3414 499 3468 lectione
518 3414 684 3482 euuangaelii
704 3412 749 3467 nbi
767 3414 807 3467 ait
826 3413 927 3467 nesciat
945 3412 1053 3466 sinistra
1076 3419 1124 3466 tna
1146 3412 1210 3481 quid
1229 3411 1310 3465 iaciat

170 3501 281 3556 derdere
300 3505 347 3556 tua
361 3503 403 3570 D;
421 3508 506 3557 amiel
524 3503 568 3558 bio
585 3519 670 3558 ammo
689 3503 760 3556 inter
773 3502 925 3571 Aequatioi
942 3517 1076 3556 ammones
1095 3501 1192 3555 ἀιώιοε
1204 3503 1239 3553 63
1256 3499 1310 3566 (39,

171 3594 236 3643 1864
255 3591 309 3656 Μ.)
362 3591 429 3646 8ne
448 3591 542 3644 cml)
595 3587 804 3656 selyrnosinam
823 3589 853 3644 D
908 3589 939 3642 10
958 3586 1114 3640 dexderaD
1167 3602 1227 3638 eum
1246 3584 1311 3639 alibi

172 3675 252 3745 dicat]
271 3680 302 3730 ιιι
320 3676 356 3728 sit
374 3675 520 3744 elimosyna
538 3679 586 3728 tua
603 3675 630 3728 in
650 3675 785 3729 absconso.
817 3673 949 3742 quomodo
966 3673 1017 3727 hoe
1033 3673 1180 3727 secundum
1191 3672 1310 3726 litteram

173 3763 286 3833 occipere
314 3777 464 3830 possumus,
492 3777 553 3816 cum
577 3762 633 3832 ipse
658 3761 782 3815 dominus
806 3762 902 3814 iterum
932 3759 1015 3813 dieat:
1043 3760 1081 3813 sic
1106 3759 1195 3813 luceat
1219 3757 1311 3811 lumen

173 3853 287 3903 uestrum
313 3865 400 3902 coram
424 3848 586 3913 hominibus
615 3852 645 3904 ut
672 3849 782 3902 uideant
804 3853 894 3900 uestra
916 3846 986 3900 bona
1009 3862 1087 3915 opera
1109 3850 1136 3899 et
1162 3845 1312 3912 glorificent

173 3941 271 4006 petrem
296 3939 423 3998 uestrum,
447 3937 491 4004 qui
514 3935 542 3989 in
567 3935 646 3990 anelis
669 3935 726 3989 est?
757 3934 890 4004 quomodo
912 3934 957 3988 hie
980 3932 1057 3987 dicit:
1080 3934 1182 3986 nesciat
1203 3932 1312 3985 sinistra

173 4029 224 4090 tua,
251 4025 317 4095 quid
345 4025 426 4078 faciat
453 4024 559 4078 dextera
586 4029 640 4088 tua,
668 4041 728 4078 eum
753 4021 818 4077 alibi
842 4023 914 4077 dicat
936 4025 1008 4094 Auq.
1080 4024 1113 4077 14
1138 4021 1260 4074 lectionis
1282 4020 1312 4074 D

175 4115 204 4168 15
216 4111 405 4182 elymosiudD
452 4112 577 4166 oculteI)
625 4111 814 4180 ldpnplioell
861 4113 894 4167 18
906 4109 1094 4179 elymosiniD
1142 4111 1174 4164 19
1186 4106 1312 4163 oonlteD

175 4197 262 4253 lecerit
286 4201 367 4270 Any,
390 4197 471 4252 luerit
493 4199 522 4254 D
592 4199 697 4268 puplice
720 4200 749 4252 D
819 4199 852 4252 20
875 4197 963 4265 querit
984 4198 1014 4253 D
1086 4195 1259 4264 elymosinam
1283 4195 1312 4249 D

175 4287 204 4341 21
223 4285 318 4354 reliqui
336 4285 476 4340 imitentur
494 4287 575 4356 Aaq,
595 4285 704 4354 reliquie
723 4285 866 4339 mittentur
884 4284 914 4338 D
983 4287 1017 4340 22
1035 4282 1139 4352 puplice
1158 4283 1188 4337 D
1257 4281 1312 4350 ely-

177 4373 278 4428 mosina
292 4374 322 4428 D
375 4375 409 4428 23
427 4372 492 4427 iacit
510 4374 591 4443 Auo,
609 4371 691 4426 iaciat
709 4373 742 4427 D
791 4371 966 4440 elymosinam
984 4371 1014 4426 D

226 4467 354 4524 ulmus
1125 4462 1156 4516 19
