3100 4892
251 411 317 474 414
759 413 889 466 Ruricii

249 590 287 650 ut
300 586 486 650 iustificeris.
521 604 584 650 non
606 587 689 651 enim
711 587 907 670 praeualcbit
922 588 1101 662 accusantis¹
1115 587 1242 668 inuidia,
1262 585 1309 650 nbi
1323 586 1380 649 hu·

199 683 204 694 “
251 691 368 754 militas
385 692 591 773 praecesserit
613 689 831 773 subplicantis.
867 710 961 773 quam
978 692 1101 756 obrem
1118 709 1185 771 nos,
1210 691 1309 755 sliam
1332 709 1380 754 er·

251 794 390 859 cusando
413 795 560 859 diluimus
583 796 718 878 culpam,
741 797 907 860 ueniamus
930 797 969 860 ad
992 815 1128 860 causam.
1164 797 1291 860 salutem
1311 813 1379 877 ergo

253 902 374 963 tantam
399 899 530 962 dicimus
553 899 662 982 pietati
684 903 818 980 uestrae,
843 905 990 981 quantam
1006 903 1110 982 potest
1125 900 1254 964 allectus
1268 898 1380 963 intelle-

214 1028 226 1067 1
253 1022 326 1086 gere
350 1006 381 1066 et
403 1022 464 1067 non
486 1006 590 1086 potest
613 1022 714 1067 sermo
737 1005 886 1086 prolerre,
914 1009 1066 1086 quantem
1089 1005 1205 1068 sentire
1228 1020 1380 1086 possumus

251 1111 284 1171 et
299 1124 361 1171 non
377 1108 521 1171 ualemus
541 1127 703 1190 exponere,
727 1111 878 1191 quantam
899 1111 1004 1192 potest
1024 1110 1179 1174 interioris
1204 1127 1288 1173 mens
1306 1106 1381 1170 dosi-

255 1211 339 1276 derio
355 1212 507 1276 calefacta
523 1212 684 1293 concipere
700 1215 809 1276 elnon
826 1216 928 1295 potest
942 1213 1050 1296 lingue
1066 1213 1224 1277 exterioris
1241 1213 1379 1276 adserere.

294 1315 384 1382 Unde
414 1317 532 1400 gratias
564 1320 692 1399 agentes
722 1317 821 1398 ipsius
854 1318 992 1381 cmitatis
1024 1319 1151 1397 auctori,
1183 1317 1236 1398 qui
1264 1333 1326 1379 earn
1349 1314 1380 1378 in

250 1419 395 1484 cordibus
418 1421 532 1485 nostris
557 1424 605 1484 est
626 1420 774 1503 dignatus
797 1424 944 1501 inserere,
972 1439 1107 1500 oremus,
1134 1425 1170 1485 ut
1191 1421 1380 1504 praecipuum

199 1549 224 1588 ro
251 1542 326 1588 suae
348 1524 503 1607 largitatis
527 1542 642 1588 munus
665 1525 698 1588 in
721 1524 811 1590 nobis
835 1526 990 1590 custodire
1013 1544 1137 1608 semper
1161 1529 1192 1588 et
1215 1525 1321 1608 iugiter
1340 1522 1381 1584 di-

251 1632 365 1711 gnetur
396 1646 520 1712 augere,
554 1629 629 1710 quia
658 1629 745 1693 iuxta
775 1630 951 1712 apostolum
974 1629 1110 1693 Paulum
1139 1630 1210 1711 ipsa
1241 1633 1286 1692 est
1313 1626 1381 1689 emi·

250 1732 372 1796 nentior
401 1733 462 1811 uie,
494 1750 573 1814 quae
604 1732 688 1796 ducit
715 1733 753 1796 ad
776 1733 886 1797 uitam.
933 1734 1014 1815 quod
1038 1737 1190 1815 superest,
1222 1731 1381 1815 specialiter

251 1853 377 1917 quaeso,
401 1840 437 1900 ut
458 1837 619 1900 communi
641 1840 772 1919 patrono
792 1855 847 1919 pro
864 1837 954 1903 nobis
971 1837 1080 1901 cotidie
1097 1836 1287 1919 supplicetis,
1308 1834 1380 1916 quia,

250 1940 332 2004 sicut
353 1940 468 2024 legitis,
492 1941 650 2003 multum
673 1941 776 2005 ualet
798 1942 917 2005 oratio
940 1941 1032 2005 iusti
1055 1941 1227 2020 adsidua,
1252 1945 1290 2020 et,
1310 1939 1381 2001 sicut

199 2069 223 2108 rs
250 2044 316 2125 ipse
343 2043 488 2108 dominus
512 2046 617 2108 noster
639 2045 671 2108 in
695 2044 859 2128 euangelio
883 2046 957 2109 dicit
979 2045 1016 2108 de
1039 2044 1103 2124 illo,
1135 2045 1188 2126 qui
1212 2047 1275 2108 tres
1295 2058 1381 2126 penes

250 2147 290 2210 ab
325 2148 424 2212 amico
455 2166 511 2212 suo
543 2149 642 2212 noctis
672 2153 812 2231 tempore
844 2149 1021 2230 importune
1052 2149 1192 2230 quidem,
1228 2148 1280 2212 sed
1309 2145 1382 2210 salu·

250 2250 372 2316 briter.
390 2302 397 2315 .
416 2301 438 2330 .,
470 2252 551 2333 quod
573 2252 757 2334 inprobitati
779 2254 965 2335 praestitum
988 2253 1083 2317 irretit
1104 2252 1290 2331 insistentis,
1311 2247 1381 2331 quod

251 2356 426 2438 negabatur
456 2356 602 2420 amicitiis
632 2355 813 2440 flagitantis.
859 2359 979 2439 reliqna
1008 2377 1062 2440 per
1088 2357 1273 2439 portitorem
1299 2353 1381 2418 uerbo

250 2460 409 2540 mandari,
439 2479 518 2542 quae
545 2461 676 2544 longum
699 2461 760 2524 luit
782 2460 894 2526 litteris
916 2462 1057 2541 indicari,
1088 2461 1181 2542 undo,
1211 2463 1289 2524 sicut
1309 2459 1379 2541 pn'n·

198 2589 224 2627 ιο
250 2563 366 2644 cipium
394 2563 548 2646 epistulae
571 2565 720 2645 continet,
751 2583 837 2650 rogo,
867 2569 903 2629 ul
924 2583 980 2648 pro
1003 2566 1150 2630 tarditate
1173 2566 1298 2628 ueniam
1320 2563 1382 2626 dare

251 2666 431 2750 dignemini.
477 2669 558 2732 uale.

764 2877 881 2942 XXXI.

405 3043 551 3086 aumcms
577 3043 745 3086 mucosus
768 3045 945 3087 GAPILLUTO
968 3047 1052 3088 FILIO
1076 3046 1231 3089 SALUTEM.

293 3183 417 3250 Gratias
447 3204 506 3269 ago
533 3187 644 3268 pietati
665 3191 800 3268 uestrae,
831 3189 913 3270 quod
936 3208 987 3252 me
1010 3189 1170 3254 consolare
1194 3191 1233 3254 de
1256 3191 1385 3255 ciuitatis
1499 3221 1500 3240 ÷

198 3289 443 3354 reordinatione
474 3290 659 3374 dignamini,
689 3311 762 3356 cum
793 3291 883 3357 uobis
914 3293 1056 3358 sufficere
1079 3294 1137 3358 deo
1159 3295 1293 3378 propitio
1316 3295 1385 3358 satis

250 3394 435 3476 abundeque
450 3395 586 3478 possitis.
621 3400 653 3459 et
668 3396 748 3476 ideo,
772 3398 856 3479 quia,
879 3397 933 3479 qui
955 3398 1045 3462 uobis
1068 3403 1098 3462 et
1113 3399 1264 3462 iratribus
1279 3399 1385 3464 uestris

355 3619 401 3689 11]
421 3622 434 3675 1
454 3619 514 3676 cor.
528 3623 569 3686 12,
581 3623 624 3677 ao.
678 3621 722 3690 14]
741 3620 796 3676 120.
809 3625 833 3688 5,
848 3624 889 3677 1c.
944 3623 988 3692 15]
1007 3622 1071 3678 uuo.
1086 3627 1128 3688 11,
1141 3627 1165 3680 5.

296 3828 520 3896 lpreuclebitS
570 3831 742 3887 acusantisS
793 3833 991 3900 oquanaums
1042 3833 1251 3890 dinterioresS
1302 3815 1385 3890 siis
1497 3835 1498 3872 l

250 3915 279 3983 S,
307 3916 404 3968 uestris
430 3935 447 3970 o
518 3919 551 3970 lo
577 3933 625 3969 sua
646 3916 785 3985 largitatio
807 3937 824 3974 v
845 3921 876 3973 in
903 3926 985 3987 uxta,
1013 3935 1062 3973 sua
1087 3919 1196 3988 largitio
1224 3941 1240 3976 v
1266 3923 1299 3975 ia
1319 3921 1385 3975 notis

251 4003 282 4057 11
301 4001 417 4055 Paulum
434 4020 515 4058 om.v
579 4005 612 4058 13
629 4019 678 4072 pro
696 4023 776 4060 ome
847 4005 1002 4062 cotidiaeS
1072 4011 1103 4062 17
1121 4007 1209 4076 petiit,
1229 4007 1287 4060 fleri
1304 4007 1385 4076 potest

248 4090 338 4157 suppl.
353 4089 538 4145 Mommecnue
590 4091 771 4157 prestitumS
816 4092 1006 4148 insistentesS
1052 4097 1084 4149 19
1098 4091 1215 4146 indicare
1228 4113 1243 4148 c
1290 4097 1383 4149 noter·

250 4173 349 4230 ditaS
416 4175 653 4243 21digniminis
704 4179 738 4232 24
756 4177 925 4234 consulereo
979 4179 1096 4233 ciuitatis
1115 4181 1143 4246 S,
1162 4180 1291 4234 substitio
1307 4180 1382 4234 ΙΜ-
1496 4203 1497 4208 “

246 4261 362 4327 johann,
380 4261 446 4314 ciuis
464 4261 525 4315 talis
544 4265 735 4331 Menoeceus,
758 4267 830 4320 inter
850 4267 934 4321 uerba
952 4265 1070 4319 ciuitatis
1088 4273 1113 4321 ct
1135 4266 1302 4320 ordinatione
1318 4266 1381 4320 ccci·

251 4346 321 4399 diem
338 4345 465 4399 electione
483 4352 510 4400 et
528 4357 617 4401 uestra
633 4351 789 4418 auspicatur
806 4353 857 4405 Kr.
912 4353 945 4406 26
964 4351 1157 4420 abundiqueS
1209 4353 1266 4422 qui]
1285 4349 1381 4420 quode
