3100 4892
223 404 263 467 12
680 406 701 460 Ι.
719 375 765 460 De
784 406 891 475 gratie

219 580 436 663 inplorandam
458 601 526 645 esse
549 582 707 666 cognoscit
729 586 762 647 et
784 582 932 647 auxilium
957 582 1073 647 domini
1095 582 1241 666 peruigili
1264 582 1355 647 erob-

220 686 390 749 secratione
413 686 561 769 deposcit.

765 860 806 925 II.

249 1000 371 1043 CONTRA
394 1001 604 1045 oelccrlonnm
626 1004 764 1061 reason,
789 1003 851 1051 Qua
873 1004 959 1045 DIGIT
981 1003 1145 1045 PARUULOS
1169 1004 1324 1046 Barrlsmo

179 1086 192 1124 5
686 1090 748 1132 NON
770 1091 884 1132 EGERE.

261 1203 413 1292 Adtendit
439 1208 532 1270 etiam
559 1206 619 1270 hoc
640 1206 802 1290 Pelagius:
834 1207 861 1270 si
883 1226 938 1289 per
959 1206 1109 1289 baptismi
1133 1207 1247 1272 donum
1272 1207 1353 1271 tolli-

218 1312 269 1373 tur
291 1309 442 1393 originale
469 1314 643 1393 peccatum,
668 1311 706 1374 de
728 1310 849 1375 dnobus
875 1310 1041 1393 baptizatis
1069 1312 1136 1375 nati
1159 1312 1274 1375 debent
1295 1311 1353 1375 hoe

219 1432 323 1477 carere
350 1418 486 1497 peccato,
533 1416 701 1498 quomodo,
728 1415 840 1497 inquit,
868 1416 998 1479 mittunt
1025 1416 1063 1479 ed
1089 1420 1244 1497 posteros,
1272 1415 1352 1498 quod

218 1517 276 1600 ipsi
298 1518 330 1582 in
354 1538 386 1582 se
410 1519 540 1583 minime
561 1520 762 1583 habuerunt?
801 1519 913 1601 quibus
937 1520 1026 1584 facila
1049 1520 1253 1601 respondetur
1276 1520 1352 1584 dues

169 1642 193 1680 ιο
219 1640 288 1685 csse
314 1622 507 1703 natiuitates,
535 1624 573 1687 dc
600 1642 732 1705 quarum
758 1642 822 1688 nna
848 1627 1010 1706 peccatum
1038 1643 1074 1687 er
1096 1624 1275 1707 generantis
1299 1641 1353 1687 uo-

218 1726 337 1807 luptate
352 1727 583 1808 transmittitur,
608 1746 644 1791 er
659 1729 720 1791 ulia
743 1726 946 1791 sanctificatio
969 1727 1006 1791 de
1022 1728 1235 1811 regenerantis
1258 1729 1352 1810 adop-

217 1829 300 1893 tione
316 1830 457 1894 donetur.
495 1830 658 1912 quomodo,
681 1832 792 1913 inquit,
816 1832 945 1895 mittunt
965 1831 1003 1894 ad
1023 1834 1174 1913 posteros
1197 1830 1278 1913 quod
1294 1830 1352 1912 ipsi

217 1933 250 1997 in
271 1952 304 1996 se
326 1934 454 1999 minime
476 1934 674 2000 habuerunt?
705 1954 800 2018 quam
823 1934 1050 2000 inrationabilis
1074 1941 1105 1999 et
1126 1936 1219 2017 plene
1242 1936 1353 2017 iniqui·

218 2038 292 2100 tatis
314 2038 462 2103 obiectio!
500 2040 644 2119 nonnis,
667 2042 703 2103 ut
725 2038 949 2103 transfundant
974 2040 1006 2102 in
1029 2043 1170 2122 posteros
1193 2038 1275 2121 quod
1298 2057 1352 2102 na-

168 2163 192 2201 ιι
220 2145 308 2205 turae
336 2146 393 2221 est,
421 2147 452 2206 et
474 2144 536 2223 uis,
564 2146 599 2206 ut
621 2143 666 2206 eis
693 2144 813 2224 possint
841 2143 929 2206 uelut
955 2143 993 2205 de
1021 2162 1076 2207 suo
1104 2144 1243 2207 conferre
1272 2143 1352 2225 quod

217 2246 336 2328 gratiae
359 2250 417 2327 est,
441 2247 478 2311 de
501 2265 562 2328 qua
584 2251 697 2311 natura
720 2247 879 2328 apostolus
896 2246 983 2311 dicit:
1008 2248 1137 2326 eratis,
1161 2246 1270 2327 inquit,
1294 2265 1353 2310 na-

218 2352 302 2413 tura
323 2350 399 2414 filii
422 2351 508 2414 irae.
541 2350 652 2413 merito
675 2351 765 2432 quasi
781 2350 818 2414 de
841 2352 963 2433 proprio
984 2350 1057 2413 dare
1080 2354 1248 2432 nequeunt,
1272 2351 1352 2433 quod

217 2455 396 2519 desursum
412 2461 443 2519 et
459 2457 648 2520 extrinsecus
664 2460 859 2538 acceperunt.
884 2456 1158 2537 imprudentissime
1173 2476 1227 2539 per
1242 2474 1353 2540 paren-

217 2562 264 2622 tes
287 2558 359 2623 filiis
383 2560 577 2624 innocentiae
599 2560 768 2641 puritatem
791 2558 937 2642 Pelagius
961 2560 1028 2622 dari
1043 2560 1149 2623 credit.
1180 2560 1220 2622 ad
1242 2578 1353 2642 paren-

165 2684 190 2721 ro
217 2666 285 2726 tum
308 2664 518 2728 ministerium
541 2663 688 2728 natiuitas
711 2664 847 2727 secunda
867 2680 928 2727 non
943 2664 1087 2744 pertinet.
1125 2663 1262 2728 officium
1286 2664 1354 2727 uult

217 2786 286 2829 esse
309 2767 444 2831 hominis
467 2769 549 2849 quod
565 2768 612 2831 dei
637 2787 749 2831 munus
771 2771 828 2847 est,
852 2770 887 2831 ut
902 2767 990 2830 uelut
1012 2768 1146 2848 quodam
1168 2768 1353 2831 hereditario

217 2872 324 2934 ordine
356 2891 413 2954 per
446 2872 607 2936 hominnm
637 2876 741 2935 currat
769 2872 984 2953 posteritatem
1018 2872 1099 2953 quod
1128 2875 1212 2935 entra
1242 2871 1353 2935 huma-

217 2993 290 3038 nam
314 2979 437 3039 constat
464 2995 532 3039 esse
560 2975 780 3040 substantiam.
827 2975 976 3058 originale
1003 2979 1108 3039 autem
1130 2980 1293 3058 peccatum
1316 2994 1353 3039 er

217 3079 399 3161 parentibus
422 3080 517 3143 etiam
540 3080 705 3162 baptizatis
728 3098 783 3162 per
800 3080 900 3143 cernis
916 3079 1067 3162 originem
1091 3080 1128 3143 ad
1152 3080 1231 3144 filios
1252 3084 1355 3143 trans·

165 3203 191 3241 rs
216 3184 261 3246 ire
287 3202 349 3247 non
382 3183 510 3247 dubium
538 3187 587 3247 est
612 3183 787 3247 dicentibus
819 3183 909 3247 nobis
942 3184 1052 3247 cotidie
1085 3203 1154 3248 curn
1187 3184 1352 3267 propheta:

218 3306 301 3351 ecce
329 3288 427 3351 enirn
453 3288 489 3351 in
519 3287 784 3369 iniquitatibus
813 3291 1016 3370 conceptus
1048 3306 1127 3352 sum
1159 3292 1193 3352 et
1229 3290 1264 3351 in
1295 3288 1354 3350 de-

217 3391 320 3455 lictis
347 3392 493 3473 peperit
519 3410 573 3454 me
601 3395 718 3456 mater
740 3410 833 3471 mea,
862 3392 943 3455 sicut
966 3394 997 3453 ct
1020 3392 1177 3473 apostolus
1201 3393 1284 3456 istud
1305 3392 1354 3454 in-

218 3495 357 3559 sanabile
379 3495 535 3577 piaculum
559 3514 595 3558 eu
618 3512 679 3559 nno
702 3495 735 3557 in
757 3514 866 3559 omnes
889 3494 1031 3559 homines
1051 3496 1257 3578 pertransisse
1281 3512 1355 3559 con-

217 3599 330 3663 firmat.

323 3719 365 3787 16]
384 3718 480 3787 Ephes.
499 3720 523 3782 2,
536 3720 560 3772 3.
613 3718 658 3787 26]
677 3717 776 3771 Psalm.
796 3722 839 3783 50,
852 3720 875 3773 7.

262 3825 275 3877 l
296 3821 506 3876 exobsecratione
523 3824 630 3892 scripsi,
649 3822 911 3889 &obsecrationeR
930 3822 1111 3877 obsecratione
1130 3842 1145 3879 o
1192 3826 1208 3877 4
1227 3823 1355 3877 obieccio-

218 3926 279 3963 nem
298 3910 325 3963 P
364 3909 544 3963 ·6adtendit
561 3911 667 3979 scripsi,
692 3908 830 3963 adtendite
854 3910 887 3979 P,
910 3910 1071 3964 adtendeto
1135 3910 1247 3979 donum]
1266 3910 1356 3977 inquit

217 3997 310 4051 udde
356 3996 518 4064 toriginele
536 3996 606 4064 (orig
623 4012 694 4051 moa.
713 3998 760 4051 alt.
780 3998 810 4051 in
827 3998 933 4063 rue.)P
978 4001 1071 4053 Scere
1090 3999 1131 4051 P¹
1178 3996 1353 4065 aquibus-

218 4081 367 4135 hebuerunt
385 4100 435 4136 our.
449 4083 498 4150 ΡΙ,
516 4083 579 4137 cdd.
593 4100 664 4136 orca
678 4084 724 4136 alt.
737 4084 769 4136 iu
779 4085 832 4151 linc
842 4084 962 4152 popinae
1010 4085 1040 4138 ll
1061 4082 1124 4152 alia]
1144 4088 1233 4137 antem
1252 4084 1314 4137 add.
1328 4102 1353 4149 v,

217 4172 248 4224 in
266 4170 293 4223 P
314 4171 414 4224 ῑασιιιια
432 4170 549 4224 ducrum
566 4170 717 4224 litterarum
734 4176 827 4237 mici,
845 4170 917 4224 ιιιιάε
935 4172 1000 4225 olim
1019 4169 1102 4223 altera
1119 4173 1249 4240 scriptum
1267 4172 1353 4239 subse

218 4258 336 4312 currimus
390 4258 422 4311 13
440 4256 550 4308 minime
568 4256 646 4322 (mini
663 4258 807 4326 supe-reor.)
828 4257 854 4309 P
910 4259 942 4312 17
960 4256 998 4310 ire
1017 4258 1043 4311 P
1101 4260 1132 4314 18
1150 4258 1311 4326 adcepernnt
1327 4258 1357 4311 Ρ

217 4345 251 4398 22
264 4346 340 4396 curat
352 4343 392 4396 P¹
434 4346 468 4398 24
479 4342 633 4412 baptismtis
646 4344 674 4397 P
715 4345 749 4398 26
767 4342 796 4396 in
810 4350 874 4413 post
892 4343 961 4397 euim
981 4362 1031 4400 orn.
1046 4345 1073 4398 P
