3100 4892
465 440 580 495 Fausti
599 440 751 509 episcopi
770 439 954 494 duratione
973 439 1062 494 fidei.
1266 438 1330 505 459

184 620 365 694 spiritum,
388 620 494 678 alteri
514 618 604 679 fides
620 620 657 678 in
673 620 785 678 codem
801 619 945 693 spirito,
968 618 1029 677 alii
1050 620 1167 695 gratia
1181 619 1329 678 curatio·

181 742 262 784 num
278 724 317 783 in
332 742 397 783 uno
413 725 560 799 spiritu,
584 723 646 783 alii
667 742 794 799 genera
811 724 1023 799 linguarum,
1047 726 1202 798 operatio
1218 724 1329 783 uirtu-

181 833 269 900 tum,
293 829 357 888 alii
376 829 569 905 prophetia.
601 829 818 888 haecomnia
838 831 1002 903 operatur
1023 846 1111 887 unus
1127 831 1229 902 atque
1246 830 1329 889 idom

181 934 338 1009 spiritus
354 934 517 993 diuidens
533 934 688 1009 singulis
704 911 807 1008 prout
822 935 907 993 uult.

228 1041 267 1098 Ilt
278 1040 414 1113 quomodo
426 1039 555 1110 dicimus,
571 1039 771 1097 ministerialis
784 1042 837 1109 est,
854 1039 902 1112 qui
915 1038 1051 1097 miracula
1063 1042 1206 1097 tantorum
1220 1039 1330 1097 charis·
1370 1062 1382 1100 s

182 1148 293 1204 matum
314 1144 433 1203 arbitrio
453 1144 584 1218 propriae
603 1145 762 1203 uoluntatis
784 1148 812 1203 st
830 1144 891 1203 iure
911 1144 1114 1203 dominationis
1130 1145 1273 1203 exercuit?
1297 1146 1330 1201 de

182 1268 242 1324 quo
257 1252 311 1308 sub
327 1249 469 1308 trinitatis
486 1249 671 1308 distinctione
686 1248 808 1324 legimus
824 1267 875 1324 per
886 1251 1065 1324 prophetam:
1083 1252 1187 1307 uerbo
1203 1248 1329 1309 domini

181 1355 275 1414 caeli
294 1354 433 1414 firmati
453 1358 537 1412 sunt
556 1355 589 1412 ot
608 1354 740 1429 spiritu
761 1355 832 1414 oris
853 1354 927 1413 eius
947 1354 1057 1413 omnis
1077 1355 1191 1413 uirtus
1208 1371 1329 1413 eorum.

181 1458 317 1535 spiritu
329 1458 399 1517 oris
412 1459 483 1518 dixit
495 1460 644 1534 propheta,
657 1477 715 1518 non
728 1459 833 1533 operia,
846 1463 879 1518 ut
890 1477 953 1519 eum
966 1462 1109 1534 tamquam
1122 1461 1155 1518 de
1167 1460 1332 1519 substantia

181 1564 278 1639 patris
294 1564 409 1625 noueris
421 1564 605 1639 processisse.
634 1567 662 1622 et
674 1564 735 1624 ideo
747 1565 830 1623 dicit:
848 1563 1011 1639 spiritus,
1027 1565 1085 1638 qui
1101 1582 1138 1622 ex
1149 1567 1248 1640 patre
1260 1582 1330 1639 pro·
1359 1584 1383 1623 ro

181 1668 287 1727 cedit.
316 1668 447 1743 spiritu
463 1670 534 1728 oris
550 1669 624 1728 eins
640 1669 750 1730 omnis
766 1669 882 1728 uirtus
898 1686 1024 1728 corum:
1042 1670 1181 1729 caelorum
1197 1669 1330 1739 uirtutcS,

182 1774 213 1832 id
232 1775 278 1832 ost
291 1774 420 1848 angelos,
438 1773 657 1850 dominationes,
678 1775 796 1832 thronos
813 1791 846 1832 ac
860 1773 1049 1849 principatus
1065 1774 1140 1832 sieut
1155 1777 1330 1848 perpetrem

183 1882 213 1937 et
229 1876 320 1936 fllium
341 1878 383 1936 ita
397 1877 483 1936 etiam
498 1895 549 1953 per
564 1878 698 1953 spiritum
713 1880 845 1937 sanetum
868 1881 977 1937 creatos
994 1895 1057 1936 osso
1072 1878 1180 1937 ueritas
1195 1878 1329 1952 loquitur,

229 1982 297 2042 Non
312 2000 378 2057 ergo
394 1983 458 2041 sine
473 1982 591 2042 immani
603 1983 752 2058 sacrilegio
765 1986 923 2041 creaturam
936 1982 1051 2053 dixeris
1068 2000 1150 2057 quern
1163 1983 1250 2043 totius
1267 2000 1330 2041 eae-

182 2086 270 2147 lostis
286 2087 405 2146 militiae
420 2087 560 2163 perspicis
572 2090 736 2146 creatorem.
765 2088 919 2145 secundum
935 2080 1005 2145 haee
1016 2086 1047 2145 in
1059 2087 1145 2145 trium
1158 2086 1330 2162 proprietate
1359 2109 1383 2149 15

182 2210 218 2250 ac
235 2209 353 2252 numero
368 2208 554 2266 personarum
566 2209 654 2250 unam
665 2191 833 2266 potentiam,
850 2208 937 2249 unam
948 2190 1078 2266 gloriam,
1093 2208 1180 2250 unam
1192 2208 1331 2265 cognosce
1345 2244 1348 2253 .

183 2298 330 2365 naturam,
353 2312 389 2354 ne
405 2313 468 2355 oum
483 2295 596 2355 Iudaeis
617 2314 650 2354 ac
665 2295 891 2371 Patripassianis
907 2295 971 2354 sine
987 2295 1078 2354 tribus
1094 2294 1225 2369 personis
1240 2294 1330 2354 fllium

183 2402 239 2458 aut
260 2403 391 2459 sanctum
412 2401 544 2474 spiritum
565 2418 653 2475 neges
675 2403 725 2459 aut
744 2401 808 2459 sine
829 2417 886 2459 una
906 2399 1070 2459 substantia
1089 2417 1152 2458 cum
1172 2399 1330 2475 gentilibus

183 2507 249 2576 tres
264 2506 330 2563 deos
346 2506 459 2564 credere
474 2505 673 2579 comproberis.

293 2674 321 2743 7]
340 2674 438 2728 Psalm.
452 2677 494 2739 32,
507 2678 530 2730 6.
586 2674 631 2744 10]
649 2675 741 2729 Ioanu.
758 2678 798 2739 15,
810 2678 852 2730 26.

235 2832 268 2885 13
286 2834 389 2884 creatos
407 2848 463 2885 csse
480 2850 531 2888 cm.
545 2834 573 2888 P
624 2835 656 2888 17
674 2832 898 2903 Patriopassianis
919 2834 943 2891 S
