3100 4892
602 1030 886 1126 PROLOGUS.

171 1243 346 1284 Paornssro
369 1243 457 1282 rrum
480 1241 600 1284 CONTRA
623 1241 691 1298 EOS,
715 1241 779 1300 Qur,
807 1241 874 1282 ΒΗΚ
900 1241 961 1280 Pan
983 1239 1087 1281 SOLAH
1113 1241 1167 1280 nul
1194 1240 1312 1282 uomu-

172 1330 286 1370 TATEM
309 1329 401 1370 ALIOS
424 1329 540 1370 DICUNT
563 1329 605 1368 An
630 1328 728 1369 UITAM
750 1307 902 1385 torum,
929 1326 1020 1367 amos
1046 1327 1077 1367 lx
1103 1327 1232 1368 MORTEM
1254 1327 1312 1366 DE·

170 1419 276 1474 Parui,
301 1416 373 1456 HlNC
395 1416 502 1456 FATUM
523 1413 585 1456 CUM
605 1414 790 1456 cumulamus
810 1414 978 1472 assuimur,
1001 1415 1077 1454 tunm
1099 1415 1237 1455 LlBERUH
1256 1414 1312 1454 AR·

455 1503 583 1543 arraldus
607 1502 669 1542 CUM
692 1501 883 1542 marelcflamts
905 1501 1039 1541 NEGANT.
1350 1514 1364 1552 5

215 1643 363 1736 DOMINO
397 1695 595 1736 BEATISSIMO
627 1695 668 1735 AC
701 1693 996 1735 unumunurlssmo
1029 1693 1173 1735 Lucumo
1209 1693 1312 1734 PAPAE

169 1781 331 1823 Faustus,
1164 1807 1168 1814 .

218 1863 310 1943 Quod
332 1881 387 1945 pro
412 1863 619 1928 sollicitudine
641 1863 801 1945 pastorali,
823 1862 915 1926 beato
938 1880 1019 1944 papa
1043 1862 1163 1941 Leonti,
1186 1863 1218 1925 in
1240 1880 1314 1926 con-

167 1967 353 2032 denonando
380 1966 670 2051 praedestinationis
699 1984 800 2030 errore
824 1967 987 2030 concilium
1008 1970 1210 2030 'summorum
1233 1966 1313 2030 anti-

169 2073 288 2136 stitum
311 2073 534 2155 congregastis,
562 2073 716 2136 uniuersis
740 2070 912 2136 Galliarum
926 2052 1078 2134 'ecclesiis
1100 2071 1311 2151 praestitistis,
1341 2089 1364 2125 ιι·

169 2175 260 2258 quod
283 2193 357 2239 uero
380 2176 418 2240 ad
443 2175 674 2256 ordinandam,
698 2193 776 2256 quac
800 2175 972 2239 conlatione
995 2173 1119 2257 publica
1134 2174 1313 2238 doctissime

168 2280 367 2363 protulistis,
395 2299 520 2362 operam
543 2279 673 2344 infirmis
697 2279 835 2342 humeris
859 2297 1028 2360 curamque
1050 2279 1233 2357 mandastis,
1258 2296 1314 2360 pa-

168 2403 259 2462 rum,
276 2386 312 2446 ut
326 2401 405 2463 reor,
427 2387 514 2446 tanto
531 2385 664 2466 negotio,
687 2401 798 2466 parum
814 2387 940 2446 sanctae
956 2382 1175 2446 existimationi
1190 2385 1313 2446 uestrae

169 2487 390 2566 consuluistis
419 2505 469 2550 me
494 2487 605 2550 iudicio
629 2487 779 2566 caritatis,
809 2505 865 2550 uos
893 2487 1030 2569 periculo
1057 2486 1214 2549 electionis
1241 2503 1314 2550 one·

167 2592 281 2655 rastis.
328 2591 400 2671 qnia
422 2594 549 2674 ergoet
572 2575 710 2654 uestram
733 2589 874 2655 laborare
904 2607 1068 2673 personam
1096 2589 1153 2653 sub
1180 2588 1313 2671 inposito
1342 2607 1365 2645 1⁵

168 2694 270 2760 nobis
293 2694 377 2758 fasce
401 2695 596 2778 cognoscitis
620 2711 818 2758 communem
841 2712 969 2758 causam
991 2694 1049 2758 hoc
1071 2694 1138 2757 loco
1161 2693 1264 2776 agitis,
1288 2693 1315 2756 si

169 2801 220 2878 ei,
253 2817 346 2879 quem
374 2799 517 2882 opinione
546 2803 650 2863 uestra
675 2799 816 2880 inparem
844 2799 983 2878 cernitis,
1016 2816 1143 2861 manum
1172 2797 1314 2880 suffragii

168 2902 352 2988 porrigatis.
389 2903 527 2966 studium
548 2904 731 2967 asserendae
747 2904 866 2986 gratiae
881 2907 1082 2984 conpetenter
1104 2907 1135 2967 et
1150 2902 1315 2966 salubriter

169 3008 310 3088 suscipit
333 3007 386 3088 qui
409 3006 638 3071 oboedientiam
661 3007 770 3071 famuli
792 3007 906 3070 laboris
930 3007 1080 3089 adiungit,
1103 3011 1265 3087 tamquam
1288 3005 1314 3069 si

168 3117 310 3198 patrono
333 3112 383 3175 uel
407 3111 529 3176 domiuo
557 3111 803 3192 inseparabiliter
828 3111 1016 3192 pedisequus
1044 3110 1185 3174 minister
1208 3110 1315 3174 inhae-
1341 3127 1366 3165 20

167 3221 255 3281 reat.
301 3215 410 3297 quodsi
446 3233 543 3279 unum
578 3215 645 3279 sine
676 3216 772 3279 altero
804 3215 880 3295 erit,
911 3218 965 3278 aut
994 3214 1163 3278 inhonorus
1198 3213 1315 3294 absque

169 3337 271 3386 seruo
294 3321 438 3384 dominus
461 3319 623 3403 apparebit
650 3322 705 3383 aut
728 3338 837 3383 seruus
860 3319 977 3383 domini
1005 3319 1107 3382 locum
1131 3317 1314 3382 conditionis

168 3429 333 3492 inmemor
353 3424 525 3507 occupabit.
564 3428 647 3488 recte
662 3443 734 3507 ergo
758 3425 840 3488 inter
855 3424 1055 3487 adiuuantem
1078 3424 1192 3506 pariter
1215 3427 1247 3487 et
1261 3421 1315 3486 ad·

168 3531 334 3595 nitentem
364 3529 437 3593 ordo
470 3528 527 3592 iste
559 3527 745 3608 seruabitur,
773 3533 809 3592 ut
835 3528 885 3592 hic
915 3531 1021 3592 teneat
1046 3528 1138 3611 pleno
1168 3527 1234 3590 iure
1261 3527 1315 3590 do·

222 3783 235 3836 1
258 3777 386 3833 FAUSTI
405 3776 579 3833 REGENSIS
598 3758 657 3831 ᾗῇ
680 3776 779 3831 LIBRI
801 3775 875 3831 DUO
898 3777 946 3829 DE
969 3775 1103 3830 catula
1121 3776 1164 3830 P²
1232 3773 1315 3828 PRO·

170 3865 296 3922 LOGUS
315 3865 420 3932 addidi,
439 3883 489 3920 ont.
504 3866 531 3918 P
591 3862 757 3933 2processio
777 3865 804 3918 P
866 3863 988 3918 3adtrai
1006 3863 1034 3917 P
1093 3867 1108 3917 5
1126 3862 1271 3915 manicheis
1291 3864 1318 3916 P

170 3977 383 4038 8solioitndinc
402 3979 430 4032 P
495 3943 591 4047 pastelli
609 3978 637 4032 P
699 3977 791 4032 beatae
809 3977 838 4030 P
908 3975 1133 4030 eonemnendov
1202 3978 1315 4043 9prae-

171 4065 361 4121 distinctionis
382 4066 409 4118 P
480 4067 511 4120 lo
534 4064 700 4132 congregatis
723 4065 750 4117 P
811 4066 842 4118 14
866 4062 1033 4116 consoluistis
1055 4064 1082 4116 P
1150 4065 1256 4115 etanta
1274 4077 1315 4113 me

171 4155 281 4210 addo
350 4153 380 4207 17
401 4166 480 4218 quarn
499 4153 526 4205 P
592 4150 709 4219 opinioni
728 4153 866 4204 uestraeo
930 4148 986 4215 rifat}
1016 4151 1162 4204 taratara
1179 4154 1237 4202 crat
1253 4149 1318 4214 e)P

172 4269 210 4322 20
230 4263 354 4366 iphereat
371 4263 399 4316 P
450 4265 481 4318 21
500 4279 566 4317 cunt
584 4279 653 4316 unus
671 4263 862 4318 scabendum?
913 4228 1022 4315 inhdssus
1039 4261 1067 4315 P
1117 4263 1151 4314 22
1170 4259 1318 4312 domiuoP

130 4415 136 4426 .
173 4381 212 4435 24
231 4376 286 4430 odo
306 4377 333 4429 P

1132 4460 1159 4508 pt
