3100 4892
732 561 803 626 VII.

646 707 688 748 DE
708 705 889 748 nmmum.

242 827 396 906 Proxime,
428 827 540 891 fratres
571 825 739 904 carissimi,
774 825 841 888 eiua
871 824 929 888 diei
961 825 1182 908 redemptionis
1213 829 1337 891 nostrae

201 931 426 998 celebrabimus
449 937 690 1009 saoramantum,
714 946 775 1011 quo
799 928 875 994 deus
897 929 1058 994 hominem
1080 948 1153 994 eum
1174 929 1338 995 intirmita·

200 1035 284 1101 tibus
306 1037 417 1101 induit.
461 1035 553 1102 hodie
580 1052 655 1099 uero
677 1033 754 1098 illud
779 1035 962 1114 excolimus,
989 1052 1050 1115 quo
1073 1053 1107 1099 se
1131 1034 1206 1098 deus
1229 1035 1261 1098 in
1283 1034 1340 1098 ho·
1379 1065 1391 1102 ⁵

200 1141 284 1206 mine
307 1139 475 1206 uirtutibus
499 1139 668 1204 deelarauit
689 1157 744 1221 pro
768 1157 814 1218 eo,
845 1139 926 1220 quod
948 1139 981 1202 in
1003 1138 1062 1203 heo
1088 1139 1136 1203 die
1163 1138 1231 1203 siue
1253 1138 1339 1202 eaelo

200 1247 325 1312 stellam
354 1247 441 1310 ortus
473 1245 521 1310 sui
543 1244 689 1309 nuntium
712 1242 865 1325 praebuit,
896 1243 963 1307 siue
986 1243 1068 1324 quod
1090 1243 1123 1308 in
1146 1242 1233 1308 Cana
1253 1240 1340 1308 Gali·

199 1351 285 1414 laeae
319 1351 351 1414 in
385 1349 527 1414 oonmuio
562 1347 694 1431 nuptiali
729 1365 827 1428 equas
862 1347 895 1410 in
929 1347 1039 1412 uinum
1070 1348 1236 1428 conuertit,
1271 1347 1338 1412 siue

199 1455 280 1535 quod
302 1455 335 1518 in
354 1453 494 1518 Iordanis
516 1453 608 1518 undis
632 1470 728 1534 aquas
752 1451 791 1516 ad
813 1451 1040 1534 reparationem
1062 1452 1193 1516 humani
1214 1453 1337 1536 generis

199 1576 253 1623 suo
276 1557 432 1640 baptismo
456 1558 658 1636 oonseoreuit,
682 1556 749 1620 siue
772 1554 855 1637 quod
877 1556 915 1620 de
931 1557 1067 1637 quinque
1089 1557 1224 1639 panibus
1247 1557 1337 1639 qnin-
1365 1585 1390 1623 ιο

198 1681 257 1744 que
281 1661 369 1726 milia
391 1662 554 1726 hominum
570 1661 706 1726 satiauit.
737 1660 770 1723 in
786 1660 926 1741 quohbet
946 1661 1059 1725 horum
1083 1661 1193 1725 salutis
1213 1664 1338 1726 nestrae

198 1767 346 1850 mysteria
368 1767 567 1832 eontinentur
595 1769 627 1830 et
648 1765 770 1849 gaudia.
816 1764 907 1829 nobis
930 1765 1015 1830 enim
1039 1784 1075 1830 ex
1101 1765 1223 1850 uirgine
1245 1769 1338 1830 natus

199 1876 262 1951 est,
293 1871 375 1952 quod
406 1871 499 1936 stella
527 1869 725 1936 monstrauit.
776 1887 833 1934 noa
863 1869 897 1934 in
926 1868 1040 1935 melius
1071 1888 1140 1935 esse
1170 1870 1338 1936 mutandos

198 1976 298 2060 operis
329 1975 480 2040 miraonlo
508 1981 541 2040 et
569 1992 719 2058 aqumum
751 1974 954 2038 conuersione
983 1974 1138 2058 signauit,
1169 1973 1259 2039 nobis
1289 1993 1338 2039 re-

198 2079 304 2144 media
336 2079 474 2161 prouidit
503 2098 539 2143 ex
569 2078 741 2162 baptismo,
782 2079 864 2159 quod
894 2078 927 2142 in
955 2078 1098 2144 Iordanis
1129 2080 1219 2144 alueo
1248 2097 1389 2161 prae-1⁵

199 2182 276 2263 huit,
311 2183 502 2266 prouooeuit.
548 2187 581 2248 et
614 2184 696 2264 ideo,
730 2183 843 2248 fratrea
877 2183 1039 2264 carissimi,
1077 2183 1111 2248 in
1144 2183 1230 2248 omni
1265 2187 1338 2248 aotu

197 2291 303 2352 nostro
337 2287 463 2354 stellam
496 2287 568 2354 fidei
601 2288 815 2371 praeferamus
850 2291 882 2352 et
917 2287 952 2352 in
984 2288 1159 2353 custodiam
1191 2288 1337 2370 puritatis

199 2389 315 2456 Christi
344 2391 539 2475 baptismum
566 2391 770 2471 celebremus,
801 2391 876 2473 quia
902 2395 935 2455 et
961 2393 1039 2456 haee
1067 2390 1182 2456 Christi
1208 2411 1337 2476 regene-

197 2495 276 2560 ratio
300 2497 372 2559 tuee
394 2495 468 2560 fidei
491 2495 684 2560 confirmatio
708 2498 765 2560 est.
810 2495 984 2560 insinuauit
1006 2496 1090 2560 enim
1117 2495 1175 2560 tibi
1197 2497 1336 2562 muneris

198 2601 245 2664 sui
260 2599 447 2666 henafioium
467 2619 522 2684 per
545 2599 700 2664 secundae
723 2599 898 2664 natiuitatis
922 2600 1099 2683 exemplum
1122 2604 1164 2680 et,
1186 2600 1267 2682 quod
1290 2600 1336 2664 la·
1363 2627 1389 2666 eo

197 2723 265 2768 oere
288 2708 320 2768 te
343 2705 454 2785 uoluit,
476 2705 560 2788 prior
583 2705 665 2769 feeit.

238 2808 387 2892 Legimus
409 2808 541 2874 ludaeos
565 2809 690 2874 diuersa
712 2808 770 2874 sub
794 2810 864 2892 lege
886 2807 1035 2872 habuisse
1057 2809 1259 2891 baptismata,
1281 2809 1337 2874 sed

197 2913 317 2976 nullum
341 2931 377 2976 ex
400 2912 450 2977 his
466 2917 574 2978 eontra
595 2913 873 2995 praeuarioationis
892 2913 1013 2977 malum
1035 2913 1215 2996 generalem
1237 2914 1338 2996 potnit

196 3017 334 3082 eonferre
358 3015 554 3082 medisinam.
598 3021 630 3081 et
651 3018 719 3082 ideo
741 3035 798 3099 pro
821 3017 1015 3082 absolutione
1038 3017 1134 3082 totius
1157 3017 1267 3082 mundi
1288 3019 1337 3082 in-

197 3120 343 3205 digebant
365 3122 608 3206 regenerationis
632 3140 731 3204 aquae
754 3122 885 3186 oaelitus
909 3119 1096 3186 sanetifieari
1118 3125 1160 3202 et,
1188 3123 1261 3204 quia
1281 3141 1338 3204 per
1363 3149 1389 3188 re

197 3227 378 3290 uniuersum
393 3227 545 3290 mundum
562 3231 795 3290 sacramentum
818 3226 967 3309 baptismi
983 3226 1121 3290 humano
1136 3227 1243 3310 generi
1258 3245 1337 3310 opus

196 3333 270 3411 erat,
298 3331 443 3396 omnibus
471 3331 558 3413 aquis
585 3331 833 3396 benedictionem
862 3330 957 3411 dedit,
985 3330 1109 3412 quando
1135 3331 1168 3395 in
1195 3331 1336 3396 Iordanis

195 3433 282 3498 alueo
305 3433 397 3499 unioa
416 3452 451 3498 ee
475 3435 623 3519 singudari
646 3435 761 3518 pietate
778 3434 946 3500 deseendit.
985 3438 1061 3499 tuno
1076 3435 1160 3500 enim
1176 3433 1337 3504 Christum

235 3653 251 3706 2
269 3650 366 3719 inoipit
384 3649 416 3704 de
429 3651 571 3720 epiphania
587 3651 615 3704 iu
633 3650 733 3720 uigiliis
753 3650 866 3704 dicenda
883 3652 913 3705 D
964 3655 982 3706 3
1000 3651 1043 3706 die
1061 3653 1090 3707 D
1142 3654 1159 3707 6
1177 3651 1245 3722 siue]
1265 3653 1337 3720 quod

194 3738 221 3791 iu
238 3738 303 3794 add.
316 3739 389 3808 Aop.
402 3739 480 3793 Mon.
553 3737 690 3792 lehanan
709 3739 739 3792 D
809 3737 963 3793 9humano
981 3739 1012 3792 D
1083 3741 1115 3793 10
1134 3737 1337 3794 siue-satiauit

193 3825 334 3881 omMoro.
399 3827 431 3880 12
454 3825 574 3879 misteria
595 3826 625 3879 D
686 3825 756 3878 enim
775 3826 856 3895 Aep,
879 3824 942 3878 el)
1005 3827 1037 3881 13
1054 3827 1139 3882 uerbo
1157 3841 1336 3895 nos-prouo-

193 3937 264 3992 cauit
282 3941 427 3992 immolato
445 3939 570 4008 lepamtor
586 3938 662 4007 epistt
674 3939 751 3993 Mon.
766 3939 873 4008 etAop.
928 3937 1068 3992 motandos
1081 3940 1111 3993 D
1164 3906 1292 4006 14⁸queru
1306 3939 1336 3994 D

194 4028 225 4081 15
242 4023 378 4078 babtismo
397 4025 426 4078 D
490 4023 565 4078 olbeo
584 4027 612 4078 D
682 4025 894 4080 monstenem
965 4029 997 4081 19
1016 4024 1175 4094 tuae-tihi]
1195 4028 1334 4079 nostroe—

193 4111 268 4166 nobis
281 4113 359 4167 Moe.
373 4113 444 4181 Aup.
492 4114 526 4167 20
539 4111 670 4182 exemplllui
685 4114 713 4167 D
759 4111 1009 4168 22babtiemateD
1055 4111 1336 4168 dlohsolntionemD

192 4201 224 4255 25
242 4200 404 4269 equaMon.
468 4201 501 4254 26
521 4197 648 4254 babtismi
667 4202 696 4256 D
749 4203 782 4256 28
801 4198 877 4254 alheo
890 4201 927 4271 D,
946 4199 1052 4255 alueum
1065 4201 1142 4255 Man.
1155 4203 1227 4272 Aop.
1281 4199 1335 4256 sin-

192 4287 282 4356 gulare
301 4287 332 4343 D
388 4284 521 4341 discendit
538 4287 568 4342 D
