3100 4892
252 446 296 512 54
714 444 736 499 I.
755 445 800 498 De
818 443 929 513 gratia

253 622 355 687 adhno
380 639 508 687 oausam
535 621 747 686 obdurationis
775 620 903 686 aduerte
931 621 1102 685 seeundum
1129 620 1319 685 sententiam
1343 638 1392 684 sa·

252 726 441 811 pientissimi
470 724 660 806 SalamoniS‚
691 726 745 807 qui
774 725 862 790 dieit:
896 725 1033 808 impius
1065 722 1147 789 oum
1177 725 1326 789 uenerit
1356 725 1392 787 in

252 830 475 914 profundum
507 830 702 910 malornm,
738 830 961 911 contemnit,
998 830 1030 893 id
1060 832 1108 894 est
1136 828 1175 892 de
1205 828 1392 893 adsiduitate

251 934 402 1017 peooandi
428 934 602 1017 desperatio
634 934 788 1014 nascitur,
819 933 982 999 obduratio
1012 950 1085 997 uero
1117 952 1152 996 er
1179 932 1392 1015 desperatione

214 1064 227 1105 a
252 1041 430 1123 generatur.
476 1038 551 1102 dum
574 1038 649 1102 dioit
671 1038 862 1102 Hieremias:
891 1038 1092 1102 noluerunt
1113 1038 1270 1117 reuerti,
1292 1036 1392 1117 uides,

254 1144 327 1225 qnia
348 1142 510 1208 obduratio
533 1142 633 1206 oordis
657 1142 774 1206 orimen
799 1144 847 1206 est
868 1142 1009 1225 propriae
1036 1141 1217 1205 uoluntatis.
1263 1140 1394 1204 inhone-

254 1251 336 1326 stus,
368 1245 498 1330 oupidus
529 1249 561 1310 et
590 1248 737 1310 eruentus
765 1248 815 1309 est
841 1245 1006 1309 ouiuslibet
1036 1244 1180 1309 iaoiuoris
1212 1263 1336 1325 seruus,
1367 1244 1394 1307 si

253 1351 390 1434 peooatis
414 1368 477 1415 non
498 1351 631 1415 reluotet
671 1401 678 1414 .

296 1454 466 1519 Videamus
490 1458 606 1535 autem,
633 1455 716 1519 unde
739 1454 900 1519 obduratio
922 1454 983 1517 ista
1005 1456 1162 1517 naeoatur.
1200 1468 1262 1517 non
1286 1452 1393 1533 utique

204 1584 229 1625 uo
254 1560 403 1624 uiolentia
436 1559 655 1641 conpellentis,
690 1559 744 1623 sed
779 1558 947 1623 elementia
979 1558 1146 1622 relaxantis
1180 1556 1393 1622 obdurationis

254 1664 374 1728 oooasio
394 1665 452 1744 eet,
475 1664 610 1744 dumque
631 1663 670 1727 ad
684 1663 910 1747 paenitentiam
931 1662 1066 1726 sustinet
1089 1662 1324 1744 delinquentem
1346 1661 1393 1724 iu-

254 1767 425 1850 latigabilis
451 1766 590 1847 bonitas,
618 1767 758 1832 abutitur
779 1766 993 1831 beniuolentia
1019 1766 1208 1830 remittentis
1237 1766 1318 1829 elata
1345 1784 1394 1829 11-

255 1872 381 1936 curitas.
441 1871 508 1935 ideo
536 1871 581 1935 ait
606 1871 717 1936 beatus
745 1871 918 1954 apostolus:
953 1888 998 1934 au
1028 1870 1182 1934 diuitias
1208 1869 1394 1934 bonitatis

256 1977 334 2039 eius
365 1979 401 2040 et
426 1975 637 2059 patientiae
665 1978 702 2040 et
722 1974 1029 2058 longanimitatis
1058 1974 1266 2039 contemnis
1293 1975 1395 2057 igno·

204 2102 229 2143 11
255 2098 357 2161 rane,
384 2080 557 2162 quoniam
583 2079 800 2162 benignitas
828 2079 885 2143 dei
913 2078 956 2143 ad
978 2078 1251 2162 paenitentiam
1274 2082 1310 2142 te
1337 2079 1395 2141 ud-

256 2184 379 2249 duoit?
407 2184 608 2248 seeundum
636 2183 812 2248 duritiam
841 2187 963 2247 autem
991 2188 1092 2247 tuam
1120 2188 1156 2247 et
1183 2200 1242 2247 oor
1269 2182 1396 2265 inpae-

255 2287 381 2352 niteus
401 2287 636 2352 thesaurizas
656 2286 728 2351 tibi
747 2288 841 2351 iram
861 2288 897 2351 iu
917 2286 974 2351 die
993 2288 1069 2351 irae
1090 2290 1126 2351 11
1145 2286 1395 2351 reuelationis

255 2392 348 2457 iusti
377 2392 508 2455 iudioii
538 2392 605 2456 dei.
651 2392 798 2473 aduertiS,
822 2390 904 2474 quod
928 2390 1085 2474 apostolus
1113 2391 1242 2454 dicendo
1267 2408 1395 2454 seeun-

256 2496 341 2560 dum
365 2496 542 2560 duritiam
563 2500 665 2561 tuam
688 2498 725 2560 11
744 2512 805 2560 eor
823 2495 1063 2578 iupaonitens
1087 2512 1149 2559 non
1170 2494 1238 2575 deo,
1262 2495 1318 2559 sed
1339 2488 1395 2558 ho-

204 2622 230 2663 so
257 2600 335 2664 miui
354 2600 479 2683 eulpam
499 2599 637 2665 indurati
656 2600 757 2664 oordis
778 2600 939 2664 adsoribit:
962 2596 1154 2682 ignorare,
1176 2598 1287 2681 inquit,
1310 2616 1395 2680 quo-

257 2704 354 2769 niam
391 2704 607 2789 benignitas
645 2704 704 2769 dei
745 2703 789 2767 ad
825 2704 1098 2787 paenitentiam
1141 2706 1177 2768 te
1220 2703 1394 2767 adduoit?

257 2808 458 2873 seeundum
492 2808 669 2872 duritiam
707 2811 829 2872 autem
861 2812 962 2871 tuam
996 2811 1032 2871 et
1065 2807 1300 2889 inpoenitens
1335 2824 1395 2871 eor

257 2912 491 2977 thesaurizas
519 2910 590 2976 tibi
616 2912 708 2976 iram
734 2912 771 2975 in
794 2911 851 2975 die
874 2912 951 2976 irae
975 2914 1011 2975 et
1032 2910 1279 2975 reuelationis
1303 2910 1394 2975 iusti

257 3014 388 3080 iudicii
415 3015 481 3080 dei.
527 3034 671 3099 agnosoe,
704 3015 777 3097 quia
808 3033 869 3079 non
900 3016 1064 3079 austeritas
1096 3014 1145 3079 dei
1174 3014 1299 3078 indurat
1329 3032 1394 3078 ma-

205 3142 231 3183 es
257 3121 359 3185 lorum
386 3119 491 3200 eorda,
519 3119 572 3184 sed
595 3120 728 3184 bouitas.
774 3135 849 3183 nam
876 3120 949 3201 quia
971 3118 1209 3183 tribulationum
1235 3116 1394 3184 laboribus

258 3242 295 3289 ao
313 3222 444 3307 flagellis
464 3242 519 3306 pro
539 3223 587 3288 dei
610 3223 761 3307 patientia
783 3240 845 3288 non
870 3222 1060 3307 affliguntur,
1082 3224 1151 3288 ideo
1175 3222 1321 3305 superbia
1344 3222 1397 3287 de·

257 3331 436 3411 prauautur.
482 3327 563 3409 quod
590 3328 636 3392 ita
663 3347 730 3392 esse
759 3327 919 3391 euidenter
942 3332 973 3392 et
994 3328 1146 3411 propheta
1172 3331 1398 3391 commemorat

258 3432 379 3496 dioeue:
406 3432 442 3495 iu
469 3430 661 3496 laboribus
688 3431 876 3495 hominum
904 3450 975 3523 uon
1004 3436 1090 3496 sunt
1117 3434 1152 3496 et
1178 3450 1259 3495 oum
1282 3431 1397 3495 homi-

258 3534 368 3599 nibus
402 3553 473 3599 uon
507 3535 824 3618 flagellabuntur,
858 3536 939 3599 ideo
973 3536 1096 3600 tenuit
1127 3553 1188 3599 eos
1219 3535 1398 3618 superbia

207 3662 233 3701 oo
260 3656 393 3703 eorum.
431 3656 468 3703 ao
490 3640 534 3703 sio
557 3640 632 3703 dum
651 3656 752 3721 poena
773 3639 807 3703 iu
829 3638 975 3703 iudicium
997 3643 1176 3704 reseruatur
1198 3640 1335 3722 dumque
1359 3641 1398 3705 ad

362 3844 390 3913 2]
408 3844 487 3897 Prou.
502 3848 542 3910 18,
556 3846 579 3900 3.
635 3844 679 3913 13]
698 3844 774 3899 Rom.
788 3846 813 3913 2,
825 3847 849 3899 4.
903 3845 948 3914 28]
967 3845 1067 3900 Psalm.
1080 3848 1121 3911 72,
1135 3848 1158 3902 5.

302 4033 485 4103 ldisperatio
507 4035 535 4089 P
603 4034 779 4104 disperatione
803 4036 830 4089 P
898 4039 983 4092 7111
1005 4038 1054 4103 (uu
1076 4036 1159 4105 erit?)
1185 4040 1292 4109 eoripsi,
1320 4044 1348 4093 et
1373 4040 1399 4094 P

260 4124 419 4177 9111111111
471 4122 578 4189 utiquao
597 4123 624 4176 P
676 4124 706 4177 ll
727 4121 859 4190 dumquae
872 4124 899 4177 P
951 4125 982 4179 14
1001 4123 1218 4192 longanimitates
1232 4127 1267 4179 P¹
1322 4127 1397 4195 iguo·

261 4224 302 4261 ras
320 4227 336 4263 o
398 4212 430 4264 18
448 4206 569 4262 adnantes
587 4209 615 4261 P
674 4211 708 4264 20
726 4208 936 4265 indurationiso
994 4211 1135 4279 ignorato
1189 4214 1224 4267 24
1242 4212 1397 4267 1111111111-

259 4294 347 4347 lorum
374 4312 391 4349 o
460 4297 493 4350 25
519 4293 719 4349 tribulationem
745 4297 783 4350 Pl
857 4299 891 4352 26
918 4297 1074 4365 patientiam
1102 4299 1131 4352 P
1203 4302 1236 4355 28
1263 4298 1353 4354 labore
1380 4319 1397 4355 o

261 4382 295 4436 30
314 4378 444 4450 dumquae
462 4380 491 4435 P
