3100 4892
507 443 731 514 Epistularum
748 444 803 499 lib.
817 443 844 497 Π
863 448 973 502 52-54.
1245 444 1310 509 435

174 623 375 683 reseruentur·
408 619 448 682 ad
480 620 703 701 paenitentiam
738 623 769 683 et
798 637 854 683 uos
884 640 938 703 per
969 620 1210 684 misericordiam
1241 638 1310 701 per-

173 724 308 788 ueniatis
330 722 523 805 aduentam,
547 723 629 788 sieut
644 722 718 787 dicit
731 724 897 806 scriptura:
922 725 1008 807 quia
1030 724 1207 789 iudicium
1231 724 1310 787 sine

175 827 433 892 misericordia
456 828 527 892 erit
548 827 622 907 illi,
654 828 717 909 qui
747 845 817 892 non
845 829 980 892 fecerit
1005 827 1309 909 misericordiam,

175 932 262 1012 quia,
300 931 353 1013 qui
387 930 475 995 dixit:
515 932 698 995 dimittite
732 936 768 995 et
802 930 1014 996 dimittetur
1047 931 1167 1013 nobie,
1204 932 1309 1015 procul

174 1034 277 1115 dubio,
302 1053 395 1117 quem
409 1034 522 1099 uiderit
535 1034 586 1099 hic
601 1037 713 1115 facere,
736 1035 818 1117 quod
841 1038 1006 1119 praecepit,
1029 1036 1061 1100 in
1083 1035 1188 1100 futuro
1212 1035 1240 1099 ei
1262 1054 1309 1100 re·
1349 1061 1362 1100 r

174 1139 295 1218 stituet,
326 1140 406 1221 qnod
429 1139 583 1221 promisit.
629 1139 718 1204 nobis
747 1140 830 1203 enirn
861 1139 945 1203 illius
969 1140 1082 1205 ueritas
1105 1144 1230 1222 praesto
1253 1144 1310 1219 est,

174 1245 200 1309 si
230 1244 278 1308 illi
307 1242 384 1308 fides
414 1247 522 1309 nostra
551 1262 612 1309 non
644 1244 732 1307 desit.
778 1245 861 1308 unde
893 1244 1150 1308 manifestissime
1180 1244 1311 1327 potestis

174 1349 336 1413 aduertere
358 1348 586 1413 absolutionem
609 1349 794 1413 miserorum
809 1352 986 1413 uestrorum
1003 1368 1071 1412 esse
1086 1349 1309 1432 indulgentiam

173 1456 373 1536 peccatorum
403 1458 436 1517 et
465 1454 523 1518 hoc
553 1454 666 1517 uestris
701 1452 923 1517 conferendum
955 1451 1108 1535 precibus,
1144 1453 1225 1535 quod
1255 1470 1310 1517 uos

174 1558 342 1640 praestatis
359 1557 479 1637 alienis,
494 1558 581 1621 iuxta
595 1557 694 1641 ipsius
710 1556 741 1620 in
759 1556 921 1645 euangelio
942 1556 1144 1621 sententiam:
1168 1575 1236 1638 qno
1259 1558 1311 1621 iu·
1338 1581 1363 1621 ιο

173 1661 272 1725 dicio
302 1661 579 1741 indicaueritis,
610 1660 838 1725 iudicabitur
869 1662 911 1724 de
942 1660 1056 1725 uobis.
1103 1660 1233 1742 ideoque
1256 1679 1310 1744 pro

173 1764 255 1830 Urso
286 1768 317 1830 et
339 1765 437 1849 Lupo,
467 1766 520 1847 qui
550 1766 589 1829 ad
619 1784 670 1829 me
698 1766 786 1847 quasi
814 1764 903 1829 nobis
927 1765 1124 1848 peculiarius
1155 1765 1237 1829 sieut
1259 1782 1311 1828 su-

173 1870 278 1953 perins
312 1869 384 1951 dixi,
417 1871 554 1935 cantatis
588 1871 654 1935 iure
689 1870 868 1934 deuinctum
902 1888 957 1953 pro
988 1870 1153 1934 criminum
1184 1887 1311 1933 suorum

173 1974 395 2039 intercessione
419 1977 583 2055 uenerunt,
606 1978 746 2057 precator
761 1974 884 2055 accedo,
908 1976 943 2038 ut
957 1974 1093 2057 primurn
1111 1974 1177 2053 deo,
1200 1972 1311 2037 deinde

174 2078 264 2143 nobis
297 2078 370 2158 hoc,
403 2080 484 2161 quod
514 2079 753 2159 commiserunt,
788 2078 902 2143 donare
933 2078 1069 2162 digneris
1098 2095 1157 2141 nec
1186 2094 1243 2140 nos
1273 2077 1311 2140 de
1339 2102 1363 2141 rs

174 2200 282 2248 eorum
305 2168 503 2248 damnatione
525 2182 707 2263 confundas,
739 2182 792 2265 qui
815 2202 848 2247 se
871 2183 933 2247 iam
956 2185 1026 2246 turn
1049 2180 1208 2246 absolutos
1232 2200 1311 2260 esse,

175 2287 298 2371 quando
320 2288 360 2351 ad
382 2288 593 2353 humilitatem
615 2306 720 2352 meam
743 2287 867 2351 deducti
890 2290 974 2368 sunt,
999 2286 1203 2351 crediderunt.

692 2513 794 2578 LIIII.

358 2674 501 2719 RUBlGlUS
524 2673 691 2717 EPISOOPUS
713 2674 846 2717 aoamco
869 2672 953 2716 aruo
977 2674 1131 2715 SALUTEM.

218 2808 315 2873 Extra
344 2809 491 2875 allectum
522 2809 828 2875 consuetudinarium
860 2812 890 2873 et
920 2808 1086 2891 probatum
1115 2812 1146 2872 et
1168 2807 1313 2872 humani·
1341 2832 1370 2874 su

175 2915 275 2977 tatem
308 2912 398 2977 nobis
432 2913 571 2996 dignaris
604 2913 784 2996 inpendere,
819 2914 894 2977 durn
928 2913 1038 2978 usibus
1074 2913 1136 2977 tuis
1169 2912 1314 2993 detrahis

175 3017 258 3099 quod
287 3018 402 3081 nostris
431 3017 575 3102 largiaris
606 3018 759 3102 expensis,
794 3018 868 3100 quia
897 3036 992 3100 puero
1023 3022 1128 3083 uestro
1161 3017 1315 3081 referente

175 3122 317 3204 cognoui,
337 3122 419 3204 qnod
441 3122 619 3205 piscationis
642 3122 674 3186 in
691 3122 803 3186 Uisera
825 3140 879 3204 pro
902 3125 990 3204 parte
1014 3127 1120 3187 uestra
1142 3121 1231 3185 nobis
1251 3121 1315 3185 ins·

176 3243 262 3289 serae
292 3226 420 3291 delicias
451 3226 638 3292 ministrare.
692 3226 773 3290 unde
808 3226 995 3291 salutatione
1030 3227 1167 3309 depensa
1198 3226 1314 3309 gratias

176 3346 235 3413 ago
264 3330 415 3413 plurimas
446 3349 575 3396 exorans
605 3331 745 3395 diuinam
769 3330 1023 3409 misericordiam,
1054 3333 1090 3393 ut
1111 3346 1166 3412 pro
1188 3329 1314 3409 honore,
1341 3354 1366 3393 es

175 3452 270 3516 quem
293 3433 382 3498 nobis
401 3452 457 3517 pro
472 3436 569 3519 ipsius
583 3436 695 3500 timore
710 3434 896 3517 dependitis,
920 3437 951 3497 et
966 3433 1177 3516 praesentium
1194 3434 1314 3497 dierum

177 3538 266 3602 uobis
297 3539 436 3603 conferat
464 3539 646 3604 felicitatem
677 3542 708 3603 et
737 3538 964 3603 beatitudinem
987 3536 1105 3601 tribuat
1128 3537 1312 3601 futurorum.

279 3700 308 3771 a]
326 3701 379 3756 ne.
392 3704 417 3767 a,
432 3704 472 3758 ra.
526 3701 554 3770 4]
573 3701 637 3756 aue.
651 3704 674 3765 a,
688 3704 730 3757 aa
786 3702 830 3770 1o]
849 3701 944 3755 natan.
959 3703 983 3766 r,
996 3704 1020 3756 a.

218 3866 395 3923 aiudiaua
456 3866 531 3922 ailli
550 3867 638 3922 carad
699 3867 782 3935 tqui
800 3868 889 3923 οπως
952 3866 1143 3922 dimittiturS
1204 3868 1312 3934 aprae-

175 3954 279 4024 cipite
347 3954 513 4010 restituitS
579 3955 753 4022 oprestoS
821 3952 1046 4022 9praecibnsS
1098 3956 1129 4008 10
1148 3951 1315 4020 prestatisS

178 4045 207 4098 ll
231 4040 327 4111 idique
350 4042 378 4110 S,
400 4040 524 4109 idemque
546 4060 569 4109 o,
592 4044 656 4109 fort.
675 4046 750 4105 recte,
767 4042 802 4109 cf.
817 4058 846 4109 p.
864 4044 924 4107 437,
937 4046 971 4095 13
1025 4042 1056 4095 14
1074 4039 1273 4093 intercessiones
1292 4039 1315 4094 S

176 4130 209 4184 16
232 4128 477 4183 damnationemS
544 4126 729 4183 absolutusS
796 4129 831 4183 23
854 4126 995 4183 uiscerac
1064 4124 1112 4181 ura
1137 4128 1165 4195 S,
1188 4126 1313 4181 Viserao

174 4217 209 4270 24
227 4214 367 4270 diliciasS
417 4214 563 4269 ministrari
576 4216 628 4270 Kr.
681 4216 717 4269 26
728 4214 909 4283 praesentium
923 4214 1026 4267 dierum
1039 4215 1100 4282 Kr,
1118 4213 1312 4283 presentiarum

175 4303 206 4371 S,
222 4301 402 4371 praesentium
420 4318 510 4355 rerum
527 4320 551 4365 o,
568 4300 748 4370 praesentium
767 4301 951 4357 Mommsemea
1019 4302 1051 4355 27
1070 4298 1234 4368 futurorum]
1253 4298 1314 4353 finit

174 4389 239 4445 aad.
259 4390 283 4447 S

1107 4472 1157 4525 28*
