<?xml version="1.0" encoding="UTF-8"?>
<!DOCTYPE html PUBLIC "-//W3C//DTD XHTML 1.0 Transitional//EN"
    "http://www.w3.org/TR/xhtml1/DTD/xhtml1-transitional.dtd">
<html xmlns="http://www.w3.org/1999/xhtml" xml:lang="en" lang="en">
 <head>
  <title>
</title>
<meta http-equiv="Content-Type" content="text/html;charset=utf-8" />
  <meta name='ocr-system' content='tesseract 3.04.00' />
  <meta name='ocr-capabilities' content='ocr_page ocr_carea ocr_par ocr_line ocrx_word'/>
</head>
<body>
  <div class='ocr_page' id='page_1' title='image "./corpusscriptoru19wiengoog_0084.png"; bbox 0 0 3100 4892; ppageno 0'>
   <div class='ocr_carea' id='block_1_1' title="bbox 220 425 907 496">
    <p class='ocr_par' dir='ltr' id='par_1_1' title="bbox 220 425 907 496">
     <span class='ocr_line' id='line_1_1' title="bbox 220 425 907 496; baseline 0.003 -16"><span class='ocrx_word' id='word_1_1' title='bbox 220 425 360 480; x_wconf 82' lang='lat' dir='ltr'>LXXVIII</span> <span class='ocrx_word' id='word_1_2' title='bbox 664 427 907 496; x_wconf 83' lang='lat' dir='ltr'><strong><em>Prolegcmena.</em></strong></span> 
     </span>
    </p>
   </div>
   <div class='ocr_carea' id='block_1_2' title="bbox 216 602 1359 1941">
    <p class='ocr_par' dir='ltr' id='par_1_2' title="bbox 216 602 1359 1941">
     <span class='ocr_line' id='line_1_2' title="bbox 220 602 1359 688; baseline 0.004 -25"><span class='ocrx_word' id='word_1_3' title='bbox 220 624 292 664; x_wconf 86' lang='lat' dir='ltr'><strong><em>cum</em></strong></span> <span class='ocrx_word' id='word_1_4' title='bbox 315 603 411 685; x_wconf 89' lang='lat' dir='ltr'><strong><em>(idem</em></strong></span> <span class='ocrx_word' id='word_1_5' title='bbox 435 603 529 667; x_wconf 80' lang='lat' dir='ltr'>codex</span> <span class='ocrx_word' id='word_1_6' title='bbox 552 602 702 686; x_wconf 81' lang='lat' dir='ltr'><strong><em>praebet).</em></strong></span> <span class='ocrx_word' id='word_1_7' title='bbox 727 641 770 651; x_wconf 99' lang='lat'>-</span> <span class='ocrx_word' id='word_1_8' title='bbox 792 623 822 686; x_wconf 88' lang='lat' dir='ltr'><strong><em>p.</em></strong></span> <span class='ocrx_word' id='word_1_9' title='bbox 840 602 914 685; x_wconf 78' lang='grc'>372,</span> <span class='ocrx_word' id='word_1_10' title='bbox 929 602 972 667; x_wconf 94' lang='grc'>20</span> <span class='ocrx_word' id='word_1_11' title='bbox 994 604 1103 688; x_wconf 82' lang='lat' dir='ltr'><strong><em>pingui</em></strong></span> <span class='ocrx_word' id='word_1_12' title='bbox 1118 604 1264 669; x_wconf 80' lang='lat' dir='ltr'><strong><em>Minerua</em></strong></span> <span class='ocrx_word' id='word_1_13' title='bbox 1285 622 1359 670; x_wconf 86' lang='lat' dir='ltr'><strong><em>cou-</em></strong></span> 
     </span>
     <span class='ocr_line' id='line_1_3' title="bbox 219 704 1358 793; baseline 0.001 -22"><span class='ocrx_word' id='word_1_14' title='bbox 219 708 276 771; x_wconf 92' lang='lat' dir='ltr'><strong><em>ieci</em></strong></span> <span class='ocrx_word' id='word_1_15' title='bbox 299 704 403 786; x_wconf 82' lang='lat' dir='ltr'><strong><em>uobis,</em></strong></span> <span class='ocrx_word' id='word_1_16' title='bbox 426 726 499 771; x_wconf 89' lang='lat' dir='ltr'><strong><em>cum</em></strong></span> <span class='ocrx_word' id='word_1_17' title='bbox 521 708 697 772; x_wconf 80' lang='lat' dir='ltr'><strong><em>rectissIme</em></strong></span> <span class='ocrx_word' id='word_1_18' title='bbox 720 708 761 772; x_wconf 82' lang='lat' dir='ltr'><strong><em>sIt</em></strong></span> <span class='ocrx_word' id='word_1_19' title='bbox 783 709 897 773; x_wconf 89' lang='lat' dir='ltr'><strong><em>codicis</em></strong></span> <span class='ocrx_word' id='word_1_20' title='bbox 920 709 1215 774; x_wconf 73' lang='grc'><strong>1000000100.-</strong></span> <span class='ocrx_word' id='word_1_21' title='bbox 1237 730 1267 793; x_wconf 94' lang='lat' dir='ltr'><strong><em>p.</em></strong></span> <span class='ocrx_word' id='word_1_22' title='bbox 1283 709 1358 790; x_wconf 81' lang='grc'><strong><em>313,</em></strong></span> 
     </span>
     <span class='ocr_line' id='line_1_4' title="bbox 219 810 1358 899; baseline 0.002 -25"><span class='ocrx_word' id='word_1_23' title='bbox 219 810 262 874; x_wconf 90' lang='grc'>26</span> <span class='ocrx_word' id='word_1_24' title='bbox 284 811 434 877; x_wconf 86' lang='lat' dir='ltr'><strong><em>Kruschii</em></strong></span> <span class='ocrx_word' id='word_1_25' title='bbox 458 812 668 877; x_wconf 83' lang='lat' dir='ltr'><strong><em>coniecturum</em></strong></span> <span class='ocrx_word' id='word_1_26' title='bbox 689 811 776 896; x_wconf 82' lang='lat' dir='ltr'><strong><em>qued</em></strong></span> <span class='ocrx_word' id='word_1_27' title='bbox 796 811 881 876; x_wconf 89' lang='lat' dir='ltr'><strong><em>deest</em></strong></span> <span class='ocrx_word' id='word_1_28' title='bbox 900 834 1045 891; x_wconf 83' lang='lat' dir='ltr'><strong><em>numero,</em></strong></span> <span class='ocrx_word' id='word_1_29' title='bbox 1063 863 1070 878; x_wconf 96' lang='lat'>.</span> <span class='ocrx_word' id='word_1_30' title='bbox 1089 864 1095 877; x_wconf 93' lang='lat'>.</span> <span class='ocrx_word' id='word_1_31' title='bbox 1112 822 1245 876; x_wconf 88' lang='lat' dir='ltr'><strong><em>auctum</em></strong></span> <span class='ocrx_word' id='word_1_32' title='bbox 1263 835 1358 899; x_wconf 83' lang='lat' dir='ltr'><strong><em>opno-</em></strong></span> 
     </span>
     <span class='ocr_line' id='line_1_5' title="bbox 218 915 1358 1001; baseline 0.003 -22"><span class='ocrx_word' id='word_1_33' title='bbox 218 916 316 979; x_wconf 89' lang='lat' dir='ltr'><strong><em>scotis</em></strong></span> <span class='ocrx_word' id='word_1_34' title='bbox 339 917 375 979; x_wconf 87' lang='lat' dir='ltr'><strong><em>ia</em></strong></span> <span class='ocrx_word' id='word_1_35' title='bbox 397 915 517 979; x_wconf 85' lang='lat' dir='ltr'><strong><em>marito</em></strong></span> <span class='ocrx_word' id='word_1_36' title='bbox 541 936 596 1001; x_wconf 92' lang='lat' dir='ltr'><strong><em>pro</em></strong></span> <span class='ocrx_word' id='word_1_37' title='bbox 626 917 662 978; x_wconf 85' lang='lat' dir='ltr'><strong><em>in</em></strong></span> <span class='ocrx_word' id='word_1_38' title='bbox 692 918 807 980; x_wconf 85' lang='lat' dir='ltr'><strong><em>merito</em></strong></span> <span class='ocrx_word' id='word_1_39' title='bbox 829 918 893 982; x_wconf 80' lang='lat' dir='ltr'><strong><em>ium</em></strong></span> <span class='ocrx_word' id='word_1_40' title='bbox 919 919 1086 1001; x_wconf 80' lang='lat' dir='ltr'><strong><em>reprobam</em></strong></span> <span class='ocrx_word' id='word_1_41' title='bbox 1107 919 1133 982; x_wconf 80' lang='grc' dir='ltr'><strong>Ε</strong></span> <span class='ocrx_word' id='word_1_42' title='bbox 1155 939 1185 1001; x_wconf 88' lang='lat' dir='ltr'><strong><em>p.</em></strong></span> <span class='ocrx_word' id='word_1_43' title='bbox 1202 917 1277 999; x_wconf 87' lang='lat'><strong>694,</strong></span> <span class='ocrx_word' id='word_1_44' title='bbox 1303 918 1358 982; x_wconf 86' lang='lat' dir='ltr'><strong><em>ubi</em></strong></span> 
     </span>
     <span class='ocr_line' id='line_1_6' title="bbox 218 1021 1359 1106; baseline 0.002 -21"><span class='ocrx_word' id='word_1_45' title='bbox 218 1025 358 1106; x_wconf 84' lang='lat' dir='ltr'><strong><em>poteram</em></strong></span> <span class='ocrx_word' id='word_1_46' title='bbox 383 1022 421 1086; x_wconf 87' lang='lat' dir='ltr'><strong><em>ud</em></strong></span> <span class='ocrx_word' id='word_1_47' title='bbox 445 1021 556 1086; x_wconf 90' lang='lat' dir='ltr'><strong><em>codicis</em></strong></span> <span class='ocrx_word' id='word_1_48' title='bbox 579 1021 745 1086; x_wconf 88' lang='lat' dir='ltr'><strong><em>lectionem</em></strong></span> <span class='ocrx_word' id='word_1_49' title='bbox 767 1022 962 1104; x_wconf 78' lang='lat' dir='ltr'>probandam</span> <span class='ocrx_word' id='word_1_50' title='bbox 984 1024 1062 1088; x_wconf 85' lang='lat' dir='ltr'><strong><em>haec</em></strong></span> <span class='ocrx_word' id='word_1_51' title='bbox 1085 1023 1195 1088; x_wconf 85' lang='lat' dir='ltr'><strong><em>afferre</em></strong></span> <span class='ocrx_word' id='word_1_52' title='bbox 1215 1023 1359 1106; x_wconf 82' lang='lat' dir='ltr'><strong><em>exemplu</em></strong></span> 
     </span>
     <span class='ocr_line' id='line_1_7' title="bbox 218 1125 1359 1212; baseline -0.002 -22"><span class='ocrx_word' id='word_1_53' title='bbox 218 1145 254 1190; x_wconf 84' lang='lat' dir='ltr'><strong><em>ex</em></strong></span> <span class='ocrx_word' id='word_1_54' title='bbox 277 1125 385 1190; x_wconf 83' lang='lat' dir='ltr'><strong>Fausti</strong></span> <span class='ocrx_word' id='word_1_55' title='bbox 409 1125 530 1209; x_wconf 90' lang='lat' dir='ltr'><strong><em>scriptis</em></strong></span> <span class='ocrx_word' id='word_1_56' title='bbox 554 1125 750 1208; x_wconf 83' lang='lat' dir='ltr'><strong><em>deprompta:</em></strong></span> <span class='ocrx_word' id='word_1_57' title='bbox 782 1147 811 1209; x_wconf 90' lang='lat' dir='ltr'><strong><em>p.</em></strong></span> <span class='ocrx_word' id='word_1_58' title='bbox 835 1125 909 1208; x_wconf 89' lang='grc'>328,</span> <span class='ocrx_word' id='word_1_59' title='bbox 930 1126 972 1190; x_wconf 87' lang='grc'>26</span> <span class='ocrx_word' id='word_1_60' title='bbox 1000 1127 1032 1189; x_wconf 86' lang='lat' dir='ltr'><strong><em>si</em></strong></span> <span class='ocrx_word' id='word_1_61' title='bbox 1060 1148 1126 1189; x_wconf 84' lang='lat' dir='ltr'><strong><em>noa</em></strong></span> <span class='ocrx_word' id='word_1_62' title='bbox 1149 1125 1282 1212; x_wconf 72' lang='lat' dir='ltr'><strong><em>proficit</em></strong></span> <span class='ocrx_word' id='word_1_63' title='bbox 1312 1125 1359 1188; x_wconf 86' lang='lat' dir='ltr'><strong><em>ad</em></strong></span> 
     </span>
     <span class='ocr_line' id='line_1_8' title="bbox 216 1228 1357 1315; baseline 0.001 -24"><span class='ocrx_word' id='word_1_64' title='bbox 216 1251 428 1306; x_wconf 87' lang='lat' dir='ltr'><strong><em>numerum,</em></strong></span> <span class='ocrx_word' id='word_1_65' title='bbox 454 1228 588 1315; x_wconf 81' lang='lat' dir='ltr'><strong><em>proficit</em></strong></span> <span class='ocrx_word' id='word_1_66' title='bbox 618 1228 663 1292; x_wconf 92' lang='lat' dir='ltr'><strong><em>ad</em></strong></span> <span class='ocrx_word' id='word_1_67' title='bbox 692 1229 871 1293; x_wconf 90' lang='lat' dir='ltr'><strong><em>meritum</em></strong></span> <span class='ocrx_word' id='word_1_68' title='bbox 897 1235 929 1296; x_wconf 91' lang='lat' dir='ltr'><strong><em>et</em></strong></span> <span class='ocrx_word' id='word_1_69' title='bbox 955 1253 985 1315; x_wconf 89' lang='lat' dir='ltr'><strong><em>p.</em></strong></span> <span class='ocrx_word' id='word_1_70' title='bbox 1005 1230 1136 1312; x_wconf 79' lang='lat'>124‚20</span> <span class='ocrx_word' id='word_1_71' title='bbox 1158 1231 1195 1294; x_wconf 86' lang='lat' dir='ltr'><strong><em>in</em></strong></span> <span class='ocrx_word' id='word_1_72' title='bbox 1216 1230 1357 1294; x_wconf 85' lang='lat' dir='ltr'><strong><em>terreais</em></strong></span> 
     </span>
     <span class='ocr_line' id='line_1_9' title="bbox 217 1333 1356 1421; baseline 0 -25"><span class='ocrx_word' id='word_1_73' title='bbox 217 1334 354 1420; x_wconf 76' lang='lat' dir='ltr'><strong><em>repotiis</em></strong></span> <span class='ocrx_word' id='word_1_74' title='bbox 381 1335 503 1398; x_wconf 87' lang='lat' dir='ltr'><strong><em>arrhae</em></strong></span> <span class='ocrx_word' id='word_1_75' title='bbox 530 1333 697 1418; x_wconf 74' lang='lat' dir='ltr'><strong><em>quantitas</em></strong></span> <span class='ocrx_word' id='word_1_76' title='bbox 725 1343 913 1398; x_wconf 87' lang='lat' dir='ltr'><strong><em>contractus</em></strong></span> <span class='ocrx_word' id='word_1_77' title='bbox 940 1334 1047 1412; x_wconf 87' lang='lat' dir='ltr'><strong><em>illius,</em></strong></span> <span class='ocrx_word' id='word_1_78' title='bbox 1073 1357 1140 1421; x_wconf 83' lang='lat' dir='ltr'><strong><em>pro</em></strong></span> <span class='ocrx_word' id='word_1_79' title='bbox 1170 1357 1232 1421; x_wconf 81' lang='lat' dir='ltr'><strong><em>quo</em></strong></span> <span class='ocrx_word' id='word_1_80' title='bbox 1259 1335 1356 1398; x_wconf 86' lang='lat' dir='ltr'><strong><em>inter·</em></strong></span> 
     </span>
     <span class='ocr_line' id='line_1_10' title="bbox 218 1437 1357 1525; baseline 0 -24"><span class='ocrx_word' id='word_1_81' title='bbox 218 1439 358 1516; x_wconf 85' lang='lat' dir='ltr'><strong><em>cesserit,</em></strong></span> <span class='ocrx_word' id='word_1_82' title='bbox 389 1437 549 1524; x_wconf 77' lang='lat' dir='ltr'><strong><em>quaedam</em></strong></span> <span class='ocrx_word' id='word_1_83' title='bbox 577 1438 687 1523; x_wconf 88' lang='lat' dir='ltr'><strong><em>portic</em></strong></span> <span class='ocrx_word' id='word_1_84' title='bbox 714 1448 769 1516; x_wconf 88' lang='lat' dir='ltr'><strong><em>est,</em></strong></span> <span class='ocrx_word' id='word_1_85' title='bbox 800 1438 950 1525; x_wconf 83' lang='lat' dir='ltr'><strong><em>pipnoris</em></strong></span> <span class='ocrx_word' id='word_1_86' title='bbox 977 1460 1057 1503; x_wconf 82' lang='lat' dir='ltr'><strong><em>uero</em></strong></span> <span class='ocrx_word' id='word_1_87' title='bbox 1088 1439 1177 1503; x_wconf 89' lang='lat' dir='ltr'><strong><em>ratio</em></strong></span> <span class='ocrx_word' id='word_1_88' title='bbox 1206 1439 1357 1503; x_wconf 77' lang='lat' dir='ltr'><strong><em>auritum</em></strong></span> 
     </span>
     <span class='ocr_line' id='line_1_11' title="bbox 217 1541 1356 1629; baseline 0.002 -23"><span class='ocrx_word' id='word_1_89' title='bbox 217 1543 278 1627; x_wconf 85' lang='lat' dir='ltr'><strong><em>rei,</em></strong></span> <span class='ocrx_word' id='word_1_90' title='bbox 297 1563 362 1628; x_wconf 88' lang='lat' dir='ltr'><strong><em>pro</em></strong></span> <span class='ocrx_word' id='word_1_91' title='bbox 385 1564 451 1628; x_wconf 87' lang='lat' dir='ltr'><strong><em>pua</em></strong></span> <span class='ocrx_word' id='word_1_92' title='bbox 474 1541 592 1629; x_wconf 89' lang='lat' dir='ltr'><strong><em>deponi</em></strong></span> <span class='ocrx_word' id='word_1_93' title='bbox 614 1541 759 1620; x_wconf 87' lang='lat' dir='ltr'><strong><em>uidetur,</em></strong></span> <span class='ocrx_word' id='word_1_94' title='bbox 783 1542 918 1607; x_wconf 81' lang='lat' dir='ltr'><strong><em>accedit.</em></strong></span> <span class='ocrx_word' id='word_1_95' title='bbox 942 1581 983 1592; x_wconf 91' lang='lat'><em>-</em></span> <span class='ocrx_word' id='word_1_96' title='bbox 1005 1565 1036 1627; x_wconf 93' lang='lat' dir='ltr'><strong><em>p.</em></strong></span> <span class='ocrx_word' id='word_1_97' title='bbox 1054 1543 1127 1626; x_wconf 84' lang='lat'><strong>388,</strong></span> <span class='ocrx_word' id='word_1_98' title='bbox 1146 1544 1182 1607; x_wconf 93' lang='grc'><strong><em>11</em></strong></span> <span class='ocrx_word' id='word_1_99' title='bbox 1212 1545 1356 1610; x_wconf 78' lang='lat' dir='ltr'><strong>Ruricius</strong></span> 
     </span>
     <span class='ocr_line' id='line_1_12' title="bbox 216 1646 1356 1734; baseline -0.001 -21"><span class='ocrx_word' id='word_1_100' title='bbox 216 1648 315 1713; x_wconf 79' lang='lat' dir='ltr'><strong><em>uerba</em></strong></span> <span class='ocrx_word' id='word_1_101' title='bbox 329 1669 390 1732; x_wconf 83' lang='lat' dir='ltr'><strong><em>pua</em></strong></span> <span class='ocrx_word' id='word_1_102' title='bbox 405 1646 458 1731; x_wconf 75' lang='lat' dir='ltr'><strong><em>fit,</em></strong></span> <span class='ocrx_word' id='word_1_103' title='bbox 481 1657 519 1710; x_wconf 89' lang='lat' dir='ltr'><strong><em>ut</em></strong></span> <span class='ocrx_word' id='word_1_104' title='bbox 538 1647 741 1711; x_wconf 70' lang='lat' dir='ltr'><strong><em>humanitati</em></strong></span> <span class='ocrx_word' id='word_1_105' title='bbox 757 1695 865 1711; x_wconf 94' lang='grc'><strong>.....</strong></span> <span class='ocrx_word' id='word_1_106' title='bbox 878 1648 1084 1734; x_wconf 87' lang='lat' dir='ltr'><strong><em>participent</em></strong></span> <span class='ocrx_word' id='word_1_107' title='bbox 1104 1658 1159 1714; x_wconf 83' lang='lat' dir='ltr'><strong><em>aut</em></strong></span> <span class='ocrx_word' id='word_1_108' title='bbox 1180 1669 1215 1714; x_wconf 78' lang='lat' dir='ltr'><strong><em>ex</em></strong></span> <span class='ocrx_word' id='word_1_109' title='bbox 1231 1649 1356 1732; x_wconf 86' lang='lat' dir='ltr'><strong><em>Leporii</em></strong></span> 
     </span>
     <span class='ocr_line' id='line_1_13' title="bbox 216 1752 1354 1835; baseline -0.002 -18"><span class='ocrx_word' id='word_1_110' title='bbox 216 1753 322 1818; x_wconf 91' lang='lat' dir='ltr'><strong><em>libello</em></strong></span> <span class='ocrx_word' id='word_1_111' title='bbox 349 1753 484 1835; x_wconf 86' lang='lat' dir='ltr'><strong><em>quodam</em></strong></span> <span class='ocrx_word' id='word_1_112' title='bbox 511 1761 565 1817; x_wconf 86' lang='lat' dir='ltr'><strong><em>cut</em></strong></span> <span class='ocrx_word' id='word_1_113' title='bbox 588 1772 624 1817; x_wconf 84' lang='lat' dir='ltr'><strong><em>er</em></strong></span> <span class='ocrx_word' id='word_1_114' title='bbox 648 1753 791 1818; x_wconf 79' lang='lat' dir='ltr'><strong><em>Cassiani</em></strong></span> <span class='ocrx_word' id='word_1_115' title='bbox 814 1759 922 1819; x_wconf 85' lang='lat' dir='ltr'><strong><em>contra</em></strong></span> <span class='ocrx_word' id='word_1_116' title='bbox 943 1754 1125 1819; x_wconf 83' lang='lat' dir='ltr'><strong><em>Nestorium</em></strong></span> <span class='ocrx_word' id='word_1_117' title='bbox 1147 1753 1227 1818; x_wconf 87' lang='lat' dir='ltr'><strong><em>libro</em></strong></span> <span class='ocrx_word' id='word_1_118' title='bbox 1249 1754 1265 1818; x_wconf 94' lang='lat' dir='ltr'>I</span> <span class='ocrx_word' id='word_1_119' title='bbox 1286 1752 1354 1833; x_wconf 68' lang='lat' dir='ltr'><strong><em>aa</em></strong></span> 
     </span>
     <span class='ocr_line' id='line_1_14' title="bbox 218 1854 1356 1941; baseline -0.002 -21"><span class='ocrx_word' id='word_1_120' title='bbox 218 1857 261 1941; x_wconf 91' lang='lat' dir='ltr'><strong><em>(p.</em></strong></span> <span class='ocrx_word' id='word_1_121' title='bbox 278 1855 389 1939; x_wconf 76' lang='grc'>2445</span> <span class='ocrx_word' id='word_1_122' title='bbox 412 1855 624 1941; x_wconf 80' lang='lat' dir='ltr'><strong>Petschenig),</strong></span> <span class='ocrx_word' id='word_1_123' title='bbox 655 1857 709 1921; x_wconf 89' lang='lat' dir='ltr'><strong><em>ubi</em></strong></span> <span class='ocrx_word' id='word_1_124' title='bbox 731 1857 855 1941; x_wconf 89' lang='lat' dir='ltr'><strong><em>Leporii</em></strong></span> <span class='ocrx_word' id='word_1_125' title='bbox 885 1859 994 1922; x_wconf 82' lang='lat' dir='ltr'><strong><em>uerba:</em></strong></span> <span class='ocrx_word' id='word_1_126' title='bbox 1026 1879 1129 1919; x_wconf 82' lang='grc' dir='ltr'><strong>000οι</strong></span> <span class='ocrx_word' id='word_1_127' title='bbox 1149 1857 1192 1940; x_wconf 84' lang='lat' dir='ltr'><strong><em>fit</em></strong></span> <span class='ocrx_word' id='word_1_128' title='bbox 1219 1854 1356 1920; x_wconf 83' lang='lat' dir='ltr'><strong><em>uerbum</em></strong></span> 
     </span>
    </p>
   </div>
   <div class='ocr_carea' id='block_1_3' title="bbox 216 1959 1356 2038">
    <p class='ocr_par' dir='ltr' id='par_1_3' title="bbox 216 1959 1356 2038">
     <span class='ocr_line' id='line_1_15' title="bbox 216 1959 1356 2038; baseline -0.002 -14"><span class='ocrx_word' id='word_1_129' title='bbox 216 1970 246 2024; x_wconf 91' lang='lat' dir='ltr'><strong><em>et</em></strong></span> <span class='ocrx_word' id='word_1_130' title='bbox 268 1983 356 2038; x_wconf 84' lang='lat' dir='ltr'><strong><em>caro,</em></strong></span> <span class='ocrx_word' id='word_1_131' title='bbox 379 1970 416 2023; x_wconf 90' lang='lat' dir='ltr'><strong><em>ut</em></strong></span> <span class='ocrx_word' id='word_1_132' title='bbox 433 2009 440 2022; x_wconf 93' lang='lat'>.</span> <span class='ocrx_word' id='word_1_133' title='bbox 458 2008 465 2023; x_wconf 91' lang='lat'>.</span> <span class='ocrx_word' id='word_1_134' title='bbox 483 2009 490 2023; x_wconf 94' lang='lat'>.</span> <span class='ocrx_word' id='word_1_135' title='bbox 508 1970 537 2024; x_wconf 89' lang='lat' dir='ltr'><strong><em>et</em></strong></span> <span class='ocrx_word' id='word_1_136' title='bbox 560 1961 761 2024; x_wconf 78' lang='lat' dir='ltr'><strong><em>humanitati</em></strong></span> <span class='ocrx_word' id='word_1_137' title='bbox 785 1961 906 2024; x_wconf 86' lang='lat' dir='ltr'><strong><em>diuina</em></strong></span> <span class='ocrx_word' id='word_1_138' title='bbox 928 1962 1160 2024; x_wconf 86' lang='lat' dir='ltr'><strong><em>communicent</em></strong></span> <span class='ocrx_word' id='word_1_139' title='bbox 1182 1970 1212 2024; x_wconf 92' lang='lat' dir='ltr'><strong><em>et</em></strong></span> <span class='ocrx_word' id='word_1_140' title='bbox 1231 1959 1356 2023; x_wconf 86' lang='lat' dir='ltr'><strong><em>diuini-</em></strong></span> 
     </span>
    </p>
   </div>
   <div class='ocr_carea' id='block_1_4' title="bbox 103 2064 1355 2150">
    <p class='ocr_par' dir='ltr' id='par_1_4' title="bbox 103 2064 1355 2150">
     <span class='ocr_line' id='line_1_16' title="bbox 103 2064 1355 2150; baseline -0.002 -21"><span class='ocrx_word' id='word_1_141' title='bbox 103 2083 109 2096; x_wconf 90' lang='lat'>&#39;</span> <span class='ocrx_word' id='word_1_142' title='bbox 217 2066 280 2129; x_wconf 91' lang='lat' dir='ltr'><strong><em>tati</em></strong></span> <span class='ocrx_word' id='word_1_143' title='bbox 303 2067 446 2128; x_wconf 89' lang='lat' dir='ltr'><strong><em>humana</em></strong></span> <span class='ocrx_word' id='word_1_144' title='bbox 465 2065 670 2150; x_wconf 88' lang='lat' dir='ltr'><strong><em>participent</em></strong></span> <span class='ocrx_word' id='word_1_145' title='bbox 686 2066 869 2146; x_wconf 84' lang='lat' dir='ltr'><strong><em>efferuntur,</em></strong></span> <span class='ocrx_word' id='word_1_146' title='bbox 894 2067 1095 2150; x_wconf 84' lang='lat' dir='ltr'><strong><em>deprompsit.</em></strong></span> <span class='ocrx_word' id='word_1_147' title='bbox 1111 2103 1154 2112; x_wconf 90' lang='lat'>-</span> <span class='ocrx_word' id='word_1_148' title='bbox 1176 2086 1206 2150; x_wconf 89' lang='lat' dir='ltr'><strong><em>p.</em></strong></span> <span class='ocrx_word' id='word_1_149' title='bbox 1224 2064 1297 2145; x_wconf 90' lang='grc'>393,</span> <span class='ocrx_word' id='word_1_150' title='bbox 1315 2064 1355 2127; x_wconf 89' lang='grc'><strong><em>13</em></strong></span> 
     </span>
    </p>
   </div>
   <div class='ocr_carea' id='block_1_5' title="bbox 209 2169 1355 4341">
    <p class='ocr_par' dir='ltr' id='par_1_5' title="bbox 209 2169 1355 4341">
     <span class='ocr_line' id='line_1_17' title="bbox 216 2169 1355 2255; baseline 0.001 -21"><span class='ocrx_word' id='word_1_151' title='bbox 216 2190 340 2236; x_wconf 87' lang='lat' dir='ltr'><strong><em>comma</em></strong></span> <span class='ocrx_word' id='word_1_152' title='bbox 368 2176 441 2255; x_wconf 89' lang='lat' dir='ltr'><strong><em>post</em></strong></span> <span class='ocrx_word' id='word_1_153' title='bbox 469 2169 654 2233; x_wconf 84' lang='lat' dir='ltr'><strong><em>uoluntatis</em></strong></span> <span class='ocrx_word' id='word_1_154' title='bbox 684 2171 854 2234; x_wconf 86' lang='lat' dir='ltr'><strong><em>delendum</em></strong></span> <span class='ocrx_word' id='word_1_155' title='bbox 884 2175 941 2236; x_wconf 90' lang='lat' dir='ltr'><strong><em>est.</em></strong></span> <span class='ocrx_word' id='word_1_156' title='bbox 972 2207 1015 2217; x_wconf 95' lang='lat'><em>-</em></span> <span class='ocrx_word' id='word_1_157' title='bbox 1044 2190 1074 2253; x_wconf 93' lang='lat' dir='ltr'><strong><em>p.</em></strong></span> <span class='ocrx_word' id='word_1_158' title='bbox 1099 2170 1173 2250; x_wconf 83' lang='lat'><strong>393,</strong></span> <span class='ocrx_word' id='word_1_159' title='bbox 1197 2169 1238 2232; x_wconf 90' lang='grc'><strong><em>22</em></strong></span> <span class='ocrx_word' id='word_1_160' title='bbox 1271 2189 1355 2235; x_wconf 86' lang='lat' dir='ltr'><strong><em>nunc</em></strong></span> 
     </span>
     <span class='ocr_line' id='line_1_18' title="bbox 215 2273 1354 2361; baseline -0.003 -21"><span class='ocrx_word' id='word_1_161' title='bbox 215 2276 299 2360; x_wconf 85' lang='lat' dir='ltr'><strong><em>lege:</em></strong></span> <span class='ocrx_word' id='word_1_162' title='bbox 324 2297 415 2360; x_wconf 86' lang='lat' dir='ltr'><strong><em>puem</em></strong></span> <span class='ocrx_word' id='word_1_163' title='bbox 437 2295 490 2361; x_wconf 82' lang='lat' dir='ltr'><strong><em>epo</em></strong></span> <span class='ocrx_word' id='word_1_164' title='bbox 514 2284 621 2338; x_wconf 87' lang='lat' dir='ltr'><strong><em>testem</em></strong></span> <span class='ocrx_word' id='word_1_165' title='bbox 644 2273 781 2337; x_wconf 77' lang='lat' dir='ltr'><strong><em>adhibeo</em></strong></span> <span class='ocrx_word' id='word_1_166' title='bbox 802 2274 1007 2360; x_wconf 83' lang='lat' dir='ltr'><strong><em>professioni</em></strong></span> <span class='ocrx_word' id='word_1_167' title='bbox 1030 2296 1116 2338; x_wconf 78' lang='lat' dir='ltr'><strong><em>aseae</em></strong></span> <span class='ocrx_word' id='word_1_168' title='bbox 1131 2297 1187 2337; x_wconf 87' lang='lat' dir='ltr'><strong><em>nec</em></strong></span> <span class='ocrx_word' id='word_1_169' title='bbox 1202 2274 1241 2337; x_wconf 90' lang='lat' dir='ltr'><strong><em>de</em></strong></span> <span class='ocrx_word' id='word_1_170' title='bbox 1256 2273 1354 2337; x_wconf 88' lang='lat' dir='ltr'><strong><em>initio</em></strong></span> 
     </span>
     <span class='ocr_line' id='line_1_19' title="bbox 214 2377 1355 2464; baseline -0.001 -22"><span class='ocrx_word' id='word_1_171' title='bbox 214 2379 394 2442; x_wconf 88' lang='lat' dir='ltr'><strong><em>simultatis</em></strong></span> <span class='ocrx_word' id='word_1_172' title='bbox 416 2401 463 2442; x_wconf 91' lang='lat' dir='ltr'><strong><em>me</em></strong></span> <span class='ocrx_word' id='word_1_173' title='bbox 486 2401 550 2443; x_wconf 86' lang='lat' dir='ltr'><strong><em>esse</em></strong></span> <span class='ocrx_word' id='word_1_174' title='bbox 573 2377 770 2464; x_wconf 80' lang='lat' dir='ltr'><strong><em>culpabilem</em></strong></span> <span class='ocrx_word' id='word_1_175' title='bbox 792 2400 849 2442; x_wconf 89' lang='lat' dir='ltr'><strong><em>nec</em></strong></span> <span class='ocrx_word' id='word_1_176' title='bbox 871 2379 908 2442; x_wconf 86' lang='lat' dir='ltr'><strong><em>in</em></strong></span> <span class='ocrx_word' id='word_1_177' title='bbox 930 2379 1024 2442; x_wconf 90' lang='lat' dir='ltr'><strong><em>corde</em></strong></span> <span class='ocrx_word' id='word_1_178' title='bbox 1046 2401 1111 2443; x_wconf 88' lang='lat' dir='ltr'><strong><em>meo</em></strong></span> <span class='ocrx_word' id='word_1_179' title='bbox 1136 2378 1272 2442; x_wconf 88' lang='lat' dir='ltr'><strong><em>deinde</em></strong></span> <span class='ocrx_word' id='word_1_180' title='bbox 1300 2377 1355 2463; x_wconf 88' lang='lat' dir='ltr'><strong><em>(de</em></strong></span> 
     </span>
     <span class='ocr_line' id='line_1_20' title="bbox 215 2482 1354 2569; baseline -0.001 -21"><span class='ocrx_word' id='word_1_181' title='bbox 215 2485 323 2569; x_wconf 82' lang='lat' dir='ltr'><strong><em>codex)</em></strong></span> <span class='ocrx_word' id='word_1_182' title='bbox 357 2482 514 2569; x_wconf 81' lang='lat' dir='ltr'><strong><em>quicquid</em></strong></span> <span class='ocrx_word' id='word_1_183' title='bbox 547 2493 655 2546; x_wconf 89' lang='lat' dir='ltr'><strong><em>actum</em></strong></span> <span class='ocrx_word' id='word_1_184' title='bbox 689 2493 734 2546; x_wconf 91' lang='lat' dir='ltr'><strong><em>est</em></strong></span> <span class='ocrx_word' id='word_1_185' title='bbox 768 2484 946 2561; x_wconf 87' lang='lat' dir='ltr'><strong><em>dictumue,</em></strong></span> <span class='ocrx_word' id='word_1_186' title='bbox 981 2484 1145 2548; x_wconf 80' lang='lat' dir='ltr'><strong><em>resedisse.</em></strong></span> <span class='ocrx_word' id='word_1_187' title='bbox 1192 2484 1354 2566; x_wconf 83' lang='lat' dir='ltr'><strong><em>aptissime</em></strong></span> 
     </span>
     <span class='ocr_line' id='line_1_21' title="bbox 215 2587 1353 2672; baseline -0.002 -18"><span class='ocrx_word' id='word_1_188' title='bbox 215 2591 298 2654; x_wconf 87' lang='lat' dir='ltr'><strong><em>enim</em></strong></span> <span class='ocrx_word' id='word_1_189' title='bbox 329 2587 445 2650; x_wconf 86' lang='lat' dir='ltr'><strong><em>deinde</em></strong></span> <span class='ocrx_word' id='word_1_190' title='bbox 474 2590 640 2672; x_wconf 88' lang='lat' dir='ltr'><strong><em>opponitur</em></strong></span> <span class='ocrx_word' id='word_1_191' title='bbox 669 2589 772 2653; x_wconf 88' lang='lat' dir='ltr'><strong><em>uerbis</em></strong></span> <span class='ocrx_word' id='word_1_192' title='bbox 806 2588 845 2651; x_wconf 91' lang='lat' dir='ltr'><strong><em>de</em></strong></span> <span class='ocrx_word' id='word_1_193' title='bbox 875 2588 994 2651; x_wconf 88' lang='lat' dir='ltr'><strong><em>initio</em></strong></span> <span class='ocrx_word' id='word_1_194' title='bbox 1025 2587 1206 2652; x_wconf 86' lang='lat' dir='ltr'><strong><em>simultatis</em></strong></span> <span class='ocrx_word' id='word_1_195' title='bbox 1237 2592 1269 2652; x_wconf 89' lang='lat' dir='ltr'><strong><em>et</em></strong></span> <span class='ocrx_word' id='word_1_196' title='bbox 1296 2607 1353 2670; x_wconf 86' lang='lat' dir='ltr'><strong><em>per</em></strong></span> 
     </span>
     <span class='ocr_line' id='line_1_22' title="bbox 214 2690 1353 2777; baseline 0 -21"><span class='ocrx_word' id='word_1_197' title='bbox 214 2693 434 2776; x_wconf 82' lang='lat' dir='ltr'><strong><em>compendium</em></strong></span> <span class='ocrx_word' id='word_1_198' title='bbox 458 2691 603 2775; x_wconf 82' lang='lat' dir='ltr'><strong><em>(tortasse</em></strong></span> <span class='ocrx_word' id='word_1_199' title='bbox 629 2690 680 2777; x_wconf 81' lang='lat' dir='ltr'><strong><em>de)</em></strong></span> <span class='ocrx_word' id='word_1_200' title='bbox 704 2695 856 2777; x_wconf 87' lang='lat' dir='ltr'><strong><em>scriptum</em></strong></span> <span class='ocrx_word' id='word_1_201' title='bbox 879 2693 976 2757; x_wconf 86' lang='lat' dir='ltr'><strong><em>tuisse</em></strong></span> <span class='ocrx_word' id='word_1_202' title='bbox 1000 2691 1116 2755; x_wconf 86' lang='lat' dir='ltr'><strong><em>deinde</em></strong></span> <span class='ocrx_word' id='word_1_203' title='bbox 1138 2694 1171 2757; x_wconf 91' lang='lat' dir='ltr'><strong><em>i11</em></strong></span> <span class='ocrx_word' id='word_1_204' title='bbox 1187 2693 1353 2774; x_wconf 75' lang='lat' dir='ltr'><strong><em>archetypo</em></strong></span> 
     </span>
     <span class='ocr_line' id='line_1_23' title="bbox 214 2794 1353 2879; baseline -0.003 -17"><span class='ocrx_word' id='word_1_205' title='bbox 214 2798 312 2862; x_wconf 87' lang='lat' dir='ltr'><strong><em>nostri</em></strong></span> <span class='ocrx_word' id='word_1_206' title='bbox 342 2797 456 2861; x_wconf 89' lang='lat' dir='ltr'><strong><em>codicis</em></strong></span> <span class='ocrx_word' id='word_1_207' title='bbox 487 2798 587 2862; x_wconf 89' lang='lat' dir='ltr'><strong><em>elucet</em></strong></span> <span class='ocrx_word' id='word_1_208' title='bbox 618 2798 731 2863; x_wconf 85' lang='lat' dir='ltr'><strong><em>collata</em></strong></span> <span class='ocrx_word' id='word_1_209' title='bbox 760 2818 791 2879; x_wconf 95' lang='lat' dir='ltr'><strong><em>p.</em></strong></span> <span class='ocrx_word' id='word_1_210' title='bbox 808 2795 881 2877; x_wconf 91' lang='grc'>201,</span> <span class='ocrx_word' id='word_1_211' title='bbox 898 2795 929 2877; x_wconf 94' lang='grc'><strong><em>2,</em></strong></span> <span class='ocrx_word' id='word_1_212' title='bbox 960 2797 1014 2861; x_wconf 89' lang='lat' dir='ltr'><strong><em>ubi</em></strong></span> <span class='ocrx_word' id='word_1_213' title='bbox 1044 2795 1183 2861; x_wconf 83' lang='lat' dir='ltr'><strong><em>codexS</em></strong></span> <span class='ocrx_word' id='word_1_214' title='bbox 1211 2794 1272 2859; x_wconf 81' lang='lat' dir='ltr'><strong><em>dae</em></strong></span> <span class='ocrx_word' id='word_1_215' title='bbox 1297 2814 1353 2879; x_wconf 90' lang='lat' dir='ltr'><strong><em>pro</em></strong></span> 
     </span>
     <span class='ocr_line' id='line_1_24' title="bbox 215 2899 1351 2985; baseline -0.001 -22"><span class='ocrx_word' id='word_1_216' title='bbox 215 2899 331 2964; x_wconf 86' lang='lat' dir='ltr'><strong><em>deinde</em></strong></span> <span class='ocrx_word' id='word_1_217' title='bbox 361 2901 490 2984; x_wconf 85' lang='lat' dir='ltr'><strong><em>praebet</em></strong></span> <span class='ocrx_word' id='word_1_218' title='bbox 519 2901 618 2985; x_wconf 75' lang='lat' dir='ltr'><strong><em>(ciii</em></strong></span> <span class='ocrx_word' id='word_1_219' title='bbox 646 2922 675 2985; x_wconf 93' lang='lat' dir='ltr'><strong><em>p.</em></strong></span> <span class='ocrx_word' id='word_1_220' title='bbox 697 2900 784 2985; x_wconf 86' lang='grc'>682).</span> <span class='ocrx_word' id='word_1_221' title='bbox 814 2939 856 2948; x_wconf 92' lang='grc'>-</span> <span class='ocrx_word' id='word_1_222' title='bbox 883 2922 913 2985; x_wconf 93' lang='lat' dir='ltr'><strong><em>p.</em></strong></span> <span class='ocrx_word' id='word_1_223' title='bbox 934 2899 1009 2982; x_wconf 88' lang='grc'>400,</span> <span class='ocrx_word' id='word_1_224' title='bbox 1026 2899 1065 2963; x_wconf 92' lang='grc'><strong><em>21</em></strong></span> <span class='ocrx_word' id='word_1_225' title='bbox 1094 2901 1262 2984; x_wconf 84' lang='lat' dir='ltr'><strong><em>legendum</em></strong></span> <span class='ocrx_word' id='word_1_226' title='bbox 1288 2904 1351 2964; x_wconf 89' lang='lat' dir='ltr'><strong><em>cst:</em></strong></span> 
     </span>
     <span class='ocr_line' id='line_1_25' title="bbox 214 3003 1351 3091; baseline -0.004 -23"><span class='ocrx_word' id='word_1_227' title='bbox 214 3005 314 3091; x_wconf 75' lang='lat' dir='ltr'><strong><em>accipit</em></strong></span> <span class='ocrx_word' id='word_1_228' title='bbox 328 3003 466 3068; x_wconf 84' lang='lat' dir='ltr'><strong><em>solliciti</em></strong></span> <span class='ocrx_word' id='word_1_229' title='bbox 480 3004 589 3068; x_wconf 83' lang='lat' dir='ltr'><strong><em>cordis</em></strong></span> <span class='ocrx_word' id='word_1_230' title='bbox 605 3003 750 3090; x_wconf 78' lang='lat' dir='ltr'><strong><em>affectus,</em></strong></span> <span class='ocrx_word' id='word_1_231' title='bbox 773 3015 812 3068; x_wconf 88' lang='lat' dir='ltr'><strong><em>ut</em></strong></span> <span class='ocrx_word' id='word_1_232' title='bbox 834 3005 1006 3090; x_wconf 86' lang='lat' dir='ltr'><strong><em>inperiti</em></strong></span> <span class='ocrx_word' id='word_1_233' title='bbox 1028 3005 1109 3068; x_wconf 87' lang='lat' dir='ltr'><strong><em>orie</em></strong></span> <span class='ocrx_word' id='word_1_234' title='bbox 1133 3003 1351 3089; x_wconf 71' lang='grc' dir='ltr'><strong>(0001000οἰ-</strong></span> 
     </span>
     <span class='ocr_line' id='line_1_26' title="bbox 214 3106 1351 3195; baseline -0.003 -23"><span class='ocrx_word' id='word_1_235' title='bbox 214 3109 324 3194; x_wconf 84' lang='lat' dir='ltr'><strong><em>tioris)</em></strong></span> <span class='ocrx_word' id='word_1_236' title='bbox 337 3118 515 3194; x_wconf 77' lang='lat' dir='ltr'><strong><em>precantur</em></strong></span> <span class='ocrx_word' id='word_1_237' title='bbox 531 3107 665 3194; x_wconf 84' lang='lat' dir='ltr'><strong><em>affatus,</em></strong></span> <span class='ocrx_word' id='word_1_238' title='bbox 686 3111 724 3174; x_wconf 84' lang='lat' dir='ltr'><strong><em>ci.</em></strong></span> <span class='ocrx_word' id='word_1_239' title='bbox 737 3129 767 3193; x_wconf 92' lang='lat' dir='ltr'><strong><em>p.</em></strong></span> <span class='ocrx_word' id='word_1_240' title='bbox 780 3109 855 3190; x_wconf 75' lang='lat'>425,</span> <span class='ocrx_word' id='word_1_241' title='bbox 868 3108 912 3174; x_wconf 81' lang='lat'><strong><em>20</em></strong></span> <span class='ocrx_word' id='word_1_242' title='bbox 927 3109 1008 3172; x_wconf 88' lang='lat' dir='ltr'><strong><em>oris</em></strong></span> <span class='ocrx_word' id='word_1_243' title='bbox 1024 3107 1147 3195; x_wconf 80' lang='lat' dir='ltr'><strong><em>affatus</em></strong></span> <span class='ocrx_word' id='word_1_244' title='bbox 1163 3145 1206 3154; x_wconf 90' lang='lat'><em>-</em></span> <span class='ocrx_word' id='word_1_245' title='bbox 1221 3106 1351 3170; x_wconf 89' lang='lat' dir='ltr'><strong><em>cerdis</em></strong></span> 
     </span>
     <span class='ocr_line' id='line_1_27' title="bbox 213 3209 1351 3299; baseline -0.002 -23"><span class='ocrx_word' id='word_1_246' title='bbox 213 3212 357 3299; x_wconf 77' lang='lat' dir='ltr'><strong><em>affectus.</em></strong></span> <span class='ocrx_word' id='word_1_247' title='bbox 389 3251 431 3261; x_wconf 98' lang='lat'><em>-</em></span> <span class='ocrx_word' id='word_1_248' title='bbox 460 3234 489 3296; x_wconf 95' lang='lat' dir='ltr'><strong><em>p.</em></strong></span> <span class='ocrx_word' id='word_1_249' title='bbox 513 3212 632 3296; x_wconf 83' lang='grc'>403,2</span> <span class='ocrx_word' id='word_1_250' title='bbox 662 3212 720 3277; x_wconf 80' lang='lat' dir='ltr'><strong><em>ati</em></strong></span> <span class='ocrx_word' id='word_1_251' title='bbox 751 3213 836 3278; x_wconf 85' lang='lat' dir='ltr'><strong><em>deest</em></strong></span> <span class='ocrx_word' id='word_1_252' title='bbox 865 3211 1036 3299; x_wconf 81' lang='lat' dir='ltr'><strong><em>effatus,</em></strong></span> <span class='ocrx_word' id='word_1_253' title='bbox 1067 3212 1188 3276; x_wconf 81' lang='lat' dir='ltr'><strong><em>siletur</em></strong></span> <span class='ocrx_word' id='word_1_254' title='bbox 1217 3209 1351 3297; x_wconf 80' lang='lat' dir='ltr'><strong><em>affectus</em></strong></span> 
     </span>
     <span class='ocr_line' id='line_1_28' title="bbox 212 3315 1351 3403; baseline -0.007 -18"><span class='ocrx_word' id='word_1_255' title='bbox 212 3319 355 3385; x_wconf 82' lang='lat' dir='ltr'><strong><em>Ruricius</em></strong></span> <span class='ocrx_word' id='word_1_256' title='bbox 379 3318 457 3383; x_wconf 92' lang='lat' dir='ltr'><strong><em>mihi</em></strong></span> <span class='ocrx_word' id='word_1_257' title='bbox 480 3319 640 3402; x_wconf 77' lang='lat' dir='ltr'><strong><em>scripsisse</em></strong></span> <span class='ocrx_word' id='word_1_258' title='bbox 663 3319 789 3384; x_wconf 87' lang='lat' dir='ltr'><strong><em>uidetur</em></strong></span> <span class='ocrx_word' id='word_1_259' title='bbox 811 3316 945 3403; x_wconf 84' lang='lat' dir='ltr'><strong><em>effetus,</em></strong></span> <span class='ocrx_word' id='word_1_260' title='bbox 969 3319 1007 3382; x_wconf 87' lang='lat' dir='ltr'><strong><em>cf.</em></strong></span> <span class='ocrx_word' id='word_1_261' title='bbox 1025 3338 1055 3401; x_wconf 93' lang='lat' dir='ltr'><strong><em>p.</em></strong></span> <span class='ocrx_word' id='word_1_262' title='bbox 1071 3317 1146 3398; x_wconf 89' lang='grc'>364,</span> <span class='ocrx_word' id='word_1_263' title='bbox 1161 3315 1204 3381; x_wconf 89' lang='grc'><strong><em>29</em></strong></span> <span class='ocrx_word' id='word_1_264' title='bbox 1231 3316 1261 3379; x_wconf 82' lang='lat' dir='ltr'><strong><em>si</em></strong></span> <span class='ocrx_word' id='word_1_265' title='bbox 1288 3315 1351 3378; x_wconf 83' lang='lat' dir='ltr'><strong><em>dis-</em></strong></span> 
     </span>
     <span class='ocr_line' id='line_1_29' title="bbox 209 3418 1350 3508; baseline -0.002 -24"><span class='ocrx_word' id='word_1_266' title='bbox 209 3421 349 3508; x_wconf 87' lang='lat' dir='ltr'><strong><em>pliceret</em></strong></span> <span class='ocrx_word' id='word_1_267' title='bbox 378 3421 534 3508; x_wconf 81' lang='lat' dir='ltr'><strong><em>affatu,</em></strong></span> <span class='ocrx_word' id='word_1_268' title='bbox 561 3421 708 3507; x_wconf 76' lang='lat' dir='ltr'><strong><em>placeret</em></strong></span> <span class='ocrx_word' id='word_1_269' title='bbox 738 3420 911 3507; x_wconf 81' lang='lat' dir='ltr'><strong><em>affectu,</em></strong></span> <span class='ocrx_word' id='word_1_270' title='bbox 941 3421 1016 3503; x_wconf 91' lang='grc'>400,</span> <span class='ocrx_word' id='word_1_271' title='bbox 1039 3421 1080 3485; x_wconf 88' lang='grc'><strong><em>21</em></strong></span> <span class='ocrx_word' id='word_1_272' title='bbox 1111 3421 1213 3507; x_wconf 80' lang='lat' dir='ltr'><strong><em>eaeipit</em></strong></span> <span class='ocrx_word' id='word_1_273' title='bbox 1242 3418 1350 3484; x_wconf 85' lang='lat' dir='ltr'><strong><em>cordis</em></strong></span> 
     </span>
     <span class='ocr_line' id='line_1_30' title="bbox 212 3524 1351 3612; baseline -0.002 -24"><span class='ocrx_word' id='word_1_274' title='bbox 212 3524 404 3611; x_wconf 82' lang='lat' dir='ltr'><strong><em>affectus,</em></strong></span> <span class='ocrx_word' id='word_1_275' title='bbox 420 3536 458 3589; x_wconf 89' lang='lat' dir='ltr'><strong><em>ut</em></strong></span> <span class='ocrx_word' id='word_1_276' title='bbox 473 3526 613 3611; x_wconf 88' lang='lat' dir='ltr'><strong><em>inperiti</em></strong></span> <span class='ocrx_word' id='word_1_277' title='bbox 628 3526 697 3590; x_wconf 90' lang='lat' dir='ltr'><strong><em>oris</em></strong></span> <span class='ocrx_word' id='word_1_278' title='bbox 709 3536 887 3612; x_wconf 79' lang='lat' dir='ltr'><strong><em>prensatur</em></strong></span> <span class='ocrx_word' id='word_1_279' title='bbox 902 3524 1080 3611; x_wconf 81' lang='lat' dir='ltr'><strong><em>affatus,</em></strong></span> <span class='ocrx_word' id='word_1_280' title='bbox 1102 3525 1177 3606; x_wconf 78' lang='lat'>425,</span> <span class='ocrx_word' id='word_1_281' title='bbox 1194 3524 1236 3588; x_wconf 87' lang='grc'><strong><em>20</em></strong></span> <span class='ocrx_word' id='word_1_282' title='bbox 1250 3546 1351 3608; x_wconf 81' lang='lat' dir='ltr'><strong><em>quan-</em></strong></span> 
     </span>
     <span class='ocr_line' id='line_1_31' title="bbox 213 3629 1350 3716; baseline -0.001 -24"><span class='ocrx_word' id='word_1_283' title='bbox 213 3640 280 3693; x_wconf 90' lang='lat' dir='ltr'><strong><em>tum</em></strong></span> <span class='ocrx_word' id='word_1_284' title='bbox 301 3640 404 3716; x_wconf 90' lang='lat' dir='ltr'><strong><em>potest</em></strong></span> <span class='ocrx_word' id='word_1_285' title='bbox 415 3651 566 3716; x_wconf 89' lang='lat' dir='ltr'><strong><em>promere</em></strong></span> <span class='ocrx_word' id='word_1_286' title='bbox 582 3631 650 3694; x_wconf 86' lang='lat' dir='ltr'><strong><em>eris</em></strong></span> <span class='ocrx_word' id='word_1_287' title='bbox 674 3629 850 3716; x_wconf 81' lang='lat' dir='ltr'><strong><em>affatus,</em></strong></span> <span class='ocrx_word' id='word_1_288' title='bbox 872 3652 937 3694; x_wconf 90' lang='grc'><strong><em>000</em></strong></span> <span class='ocrx_word' id='word_1_289' title='bbox 952 3640 1110 3715; x_wconf 79' lang='lat' dir='ltr'><strong><em>quantum</em></strong></span> <span class='ocrx_word' id='word_1_290' title='bbox 1125 3630 1233 3692; x_wconf 89' lang='lat' dir='ltr'><strong><em>cerdis</em></strong></span> <span class='ocrx_word' id='word_1_291' title='bbox 1244 3630 1350 3715; x_wconf 87' lang='lat' dir='ltr'><strong><em>poscit</em></strong></span> 
     </span>
     <span class='ocr_line' id='line_1_32' title="bbox 212 3732 1352 3819; baseline 0.002 -23"><span class='ocrx_word' id='word_1_292' title='bbox 212 3732 400 3819; x_wconf 81' lang='lat' dir='ltr'><strong><em>affectas.</em></strong></span> <span class='ocrx_word' id='word_1_293' title='bbox 424 3773 466 3782; x_wconf 89' lang='lat'>-</span> <span class='ocrx_word' id='word_1_294' title='bbox 488 3755 519 3818; x_wconf 93' lang='lat' dir='ltr'><strong><em>p.</em></strong></span> <span class='ocrx_word' id='word_1_295' title='bbox 535 3734 610 3817; x_wconf 81' lang='grc'>407,</span> <span class='ocrx_word' id='word_1_296' title='bbox 629 3735 669 3799; x_wconf 87' lang='grc'><strong><em>16</em></strong></span> <span class='ocrx_word' id='word_1_297' title='bbox 692 3755 816 3801; x_wconf 86' lang='lat' dir='ltr'><strong><em>comma</em></strong></span> <span class='ocrx_word' id='word_1_298' title='bbox 831 3754 894 3801; x_wconf 87' lang='lat' dir='ltr'><strong><em>non</em></strong></span> <span class='ocrx_word' id='word_1_299' title='bbox 908 3741 981 3818; x_wconf 89' lang='lat' dir='ltr'><strong><em>post</em></strong></span> <span class='ocrx_word' id='word_1_300' title='bbox 994 3734 1186 3819; x_wconf 84' lang='lat' dir='ltr'><strong><em>participes,</em></strong></span> <span class='ocrx_word' id='word_1_301' title='bbox 1210 3735 1265 3798; x_wconf 88' lang='lat' dir='ltr'><strong><em>sed</em></strong></span> <span class='ocrx_word' id='word_1_302' title='bbox 1279 3739 1352 3816; x_wconf 91' lang='lat' dir='ltr'><strong><em>post</em></strong></span> 
     </span>
     <span class='ocr_line' id='line_1_33' title="bbox 214 3838 1350 3922; baseline 0.001 -21"><span class='ocrx_word' id='word_1_303' title='bbox 214 3838 346 3902; x_wconf 83' lang='lat' dir='ltr'><strong><em>lecticae</em></strong></span> <span class='ocrx_word' id='word_1_304' title='bbox 376 3841 566 3904; x_wconf 83' lang='lat' dir='ltr'><strong><em>exurendam</em></strong></span> <span class='ocrx_word' id='word_1_305' title='bbox 597 3844 672 3904; x_wconf 86' lang='lat' dir='ltr'><strong><em>erat.</em></strong></span> <span class='ocrx_word' id='word_1_306' title='bbox 707 3877 749 3887; x_wconf 98' lang='lat'><em>-</em></span> <span class='ocrx_word' id='word_1_307' title='bbox 783 3859 814 3922; x_wconf 92' lang='lat' dir='ltr'><strong><em>p.</em></strong></span> <span class='ocrx_word' id='word_1_308' title='bbox 837 3839 912 3921; x_wconf 88' lang='grc'><strong><em>410,</em></strong></span> <span class='ocrx_word' id='word_1_309' title='bbox 936 3838 978 3903; x_wconf 91' lang='grc'><strong><em>20</em></strong></span> <span class='ocrx_word' id='word_1_310' title='bbox 1009 3840 1114 3904; x_wconf 88' lang='lat' dir='ltr'><strong><em>nescio</em></strong></span> <span class='ocrx_word' id='word_1_311' title='bbox 1143 3858 1184 3904; x_wconf 84' lang='lat' dir='ltr'><strong><em>an</em></strong></span> <span class='ocrx_word' id='word_1_312' title='bbox 1214 3839 1350 3904; x_wconf 89' lang='lat' dir='ltr'><strong><em>scriben-</em></strong></span> 
     </span>
     <span class='ocr_line' id='line_1_34' title="bbox 212 3942 1350 4029; baseline -0.004 -21"><span class='ocrx_word' id='word_1_313' title='bbox 212 3945 287 4009; x_wconf 88' lang='lat' dir='ltr'><strong><em>dum</em></strong></span> <span class='ocrx_word' id='word_1_314' title='bbox 310 3945 365 4010; x_wconf 87' lang='lat' dir='ltr'><strong><em>sit:</em></strong></span> <span class='ocrx_word' id='word_1_315' title='bbox 389 3943 499 4007; x_wconf 86' lang='lat' dir='ltr'><strong><em>indico</em></strong></span> <span class='ocrx_word' id='word_1_316' title='bbox 516 3990 523 4006; x_wconf 93' lang='lat'>.</span> <span class='ocrx_word' id='word_1_317' title='bbox 541 3991 548 4006; x_wconf 93' lang='lat'>.</span> <span class='ocrx_word' id='word_1_318' title='bbox 565 3963 623 4007; x_wconf 89' lang='lat' dir='ltr'><strong><em>nas</em></strong></span> <span class='ocrx_word' id='word_1_319' title='bbox 644 3964 709 4006; x_wconf 87' lang='lat' dir='ltr'><strong><em>non</em></strong></span> <span class='ocrx_word' id='word_1_320' title='bbox 731 3965 883 4029; x_wconf 83' lang='lat' dir='ltr'><strong><em>paruum</em></strong></span> <span class='ocrx_word' id='word_1_321' title='bbox 905 3942 1034 4029; x_wconf 84' lang='lat' dir='ltr'><strong><em>quidem</em></strong></span> <span class='ocrx_word' id='word_1_322' title='bbox 1055 3943 1112 4006; x_wconf 90' lang='lat' dir='ltr'><strong><em>sed</em></strong></span> <span class='ocrx_word' id='word_1_323' title='bbox 1128 3990 1135 4004; x_wconf 92' lang='lat'>.</span> <span class='ocrx_word' id='word_1_324' title='bbox 1154 3997 1160 4009; x_wconf 96' lang='lat'>.</span> <span class='ocrx_word' id='word_1_325' title='bbox 1176 3942 1350 4028; x_wconf 83' lang='lat' dir='ltr'><strong><em>uoluptua-</em></strong></span> 
     </span>
     <span class='ocr_line' id='line_1_35' title="bbox 211 4046 1350 4135; baseline -0.003 -23"><span class='ocrx_word' id='word_1_326' title='bbox 211 4071 284 4112; x_wconf 90' lang='lat' dir='ltr'><strong><em>sum</em></strong></span> <span class='ocrx_word' id='word_1_327' title='bbox 306 4071 328 4112; x_wconf 90' lang='lat' dir='ltr'><strong><em>a</em></strong></span> <span class='ocrx_word' id='word_1_328' title='bbox 350 4046 443 4112; x_wconf 84' lang='lat' dir='ltr'><strong><em>uobis</em></strong></span> <span class='ocrx_word' id='word_1_329' title='bbox 466 4069 642 4111; x_wconf 85' lang='lat' dir='ltr'><strong><em>reuersas</em></strong></span> <span class='ocrx_word' id='word_1_330' title='bbox 666 4047 842 4135; x_wconf 69' lang='lat' dir='ltr'><strong><em>(reuerentia</em></strong></span> <span class='ocrx_word' id='word_1_331' title='bbox 872 4049 1006 4112; x_wconf 73' lang='lat' dir='ltr'><strong><em>amisse</em></strong></span> <span class='ocrx_word' id='word_1_332' title='bbox 1028 4047 1074 4128; x_wconf 77' lang='lat'><strong><em>8¹,</em></strong></span> <span class='ocrx_word' id='word_1_333' title='bbox 1104 4057 1239 4111; x_wconf 75' lang='lat' dir='ltr'><strong><em>reuersa</em></strong></span> <span class='ocrx_word' id='word_1_334' title='bbox 1267 4067 1350 4110; x_wconf 85' lang='lat' dir='ltr'><strong><em>sum-</em></strong></span> 
     </span>
     <span class='ocr_line' id='line_1_36' title="bbox 211 4149 1350 4239; baseline -0.003 -23"><span class='ocrx_word' id='word_1_335' title='bbox 211 4153 290 4216; x_wconf 88' lang='lat' dir='ltr'><strong><em>sisse</em></strong></span> <span class='ocrx_word' id='word_1_336' title='bbox 317 4151 366 4238; x_wconf 78' lang='lat'><strong><em>8²)</em></strong></span> <span class='ocrx_word' id='word_1_337' title='bbox 392 4152 563 4239; x_wconf 75' lang='lat' dir='ltr'><strong><em>capotium.</em></strong></span> <span class='ocrx_word' id='word_1_338' title='bbox 608 4153 683 4234; x_wconf 87' lang='lat' dir='ltr'><strong><em>quid</em></strong></span> <span class='ocrx_word' id='word_1_339' title='bbox 713 4153 796 4217; x_wconf 86' lang='lat' dir='ltr'><strong><em>enirn</em></strong></span> <span class='ocrx_word' id='word_1_340' title='bbox 827 4154 887 4218; x_wconf 91' lang='lat' dir='ltr'><strong><em>sibi</em></strong></span> <span class='ocrx_word' id='word_1_341' title='bbox 915 4155 993 4218; x_wconf 90' lang='lat' dir='ltr'><strong><em>uelit</em></strong></span> <span class='ocrx_word' id='word_1_342' title='bbox 1017 4152 1180 4239; x_wconf 81' lang='lat' dir='ltr'><strong><em>nepotium</em></strong></span> <span class='ocrx_word' id='word_1_343' title='bbox 1204 4174 1227 4214; x_wconf 90' lang='lat' dir='ltr'><strong><em>a</em></strong></span> <span class='ocrx_word' id='word_1_344' title='bbox 1255 4149 1350 4214; x_wconf 85' lang='lat' dir='ltr'><strong><em>uehis</em></strong></span> 
     </span>
     <span class='ocr_line' id='line_1_37' title="bbox 211 4257 1349 4341; baseline 0 -21"><span class='ocrx_word' id='word_1_345' title='bbox 211 4278 388 4336; x_wconf 78' lang='lat' dir='ltr'><strong><em>reuersum,</em></strong></span> <span class='ocrx_word' id='word_1_346' title='bbox 419 4276 481 4323; x_wconf 90' lang='lat' dir='ltr'><strong><em>non</em></strong></span> <span class='ocrx_word' id='word_1_347' title='bbox 512 4275 670 4339; x_wconf 87' lang='lat' dir='ltr'><strong><em>assequor,</em></strong></span> <span class='ocrx_word' id='word_1_348' title='bbox 700 4258 760 4322; x_wconf 89' lang='lat' dir='ltr'><strong><em>nisi</em></strong></span> <span class='ocrx_word' id='word_1_349' title='bbox 787 4258 865 4324; x_wconf 85' lang='lat' dir='ltr'><strong><em>torte</em></strong></span> <span class='ocrx_word' id='word_1_350' title='bbox 891 4259 974 4322; x_wconf 89' lang='lat' dir='ltr'><strong><em>idem</em></strong></span> <span class='ocrx_word' id='word_1_351' title='bbox 998 4257 1173 4341; x_wconf 84' lang='lat' dir='ltr'><strong><em>significare</em></strong></span> <span class='ocrx_word' id='word_1_352' title='bbox 1196 4257 1277 4339; x_wconf 87' lang='lat' dir='ltr'><strong><em>quod</em></strong></span> <span class='ocrx_word' id='word_1_353' title='bbox 1298 4277 1349 4319; x_wconf 85' lang='lat' dir='ltr'><strong><em>ae-</em></strong></span> 
     </span>
    </p>
   </div>
   <div class='ocr_carea' id='block_1_6' title="bbox 210 4359 1349 4449">
    <p class='ocr_par' dir='ltr' id='par_1_6' title="bbox 210 4359 1349 4449">
     <span class='ocr_line' id='line_1_38' title="bbox 210 4359 1349 4449; baseline 0.001 -25"><span class='ocrx_word' id='word_1_354' title='bbox 210 4362 333 4449; x_wconf 74' lang='grc'><strong>901100</strong></span> <span class='ocrx_word' id='word_1_355' title='bbox 362 4384 383 4425; x_wconf 90' lang='lat' dir='ltr'><strong><em>a</em></strong></span> <span class='ocrx_word' id='word_1_356' title='bbox 412 4359 506 4426; x_wconf 84' lang='lat' dir='ltr'><strong><em>uobis</em></strong></span> <span class='ocrx_word' id='word_1_357' title='bbox 529 4361 718 4448; x_wconf 76' lang='lat' dir='ltr'><strong><em>profectus</em></strong></span> <span class='ocrx_word' id='word_1_358' title='bbox 747 4363 904 4446; x_wconf 83' lang='lat' dir='ltr'><strong><em>quispiam</em></strong></span> <span class='ocrx_word' id='word_1_359' title='bbox 934 4362 1087 4446; x_wconf 83' lang='lat' dir='ltr'><strong><em>opinatur.</em></strong></span> <span class='ocrx_word' id='word_1_360' title='bbox 1121 4366 1260 4427; x_wconf 87' lang='lat' dir='ltr'><strong><em>ceterum</em></strong></span> <span class='ocrx_word' id='word_1_361' title='bbox 1282 4361 1349 4446; x_wconf 90' lang='lat' dir='ltr'><strong><em>ipse</em></strong></span> 
     </span>
    </p>
   </div>
   <div class='ocr_carea' id='block_1_7' title="bbox 0 0 1554 4892">
    <p class='ocr_par' dir='ltr' id='par_1_7' title="bbox 0 0 1554 4892">
     <span class='ocr_line' id='line_1_39' title="bbox 0 0 1554 4892; baseline 0 3"><span class='ocrx_word' id='word_1_362' title='bbox 0 0 1554 4892; x_wconf 95' lang='lat' dir='ltr'><strong><em> </em></strong></span> 
     </span>
    </p>
   </div>
  </div>
 </body>
</html>
