3100 4892
632 443 878 511 Prolegomene.
1231 440 1322 495 XLIII

447 613 471 668 V
802 615 975 684 Reliquorum
994 615 1116 668 codicum
1134 615 1293 684 archetypus

186 709 258 790 102,
271 709 313 774 24
337 711 372 772 in
395 733 474 774 aera
498 711 551 774 uel
573 722 731 796 supputa·
777 712 813 774 in
835 733 894 775 era
915 712 1148 796 supputatione

376 815 460 879 tione

187 918 315 1001 104,10
336 929 482 1004 oportere
776 929 924 1004 oporteat

186 1023 257 1104 104,
270 1023 314 1086 24
337 1025 518 1108 respiciunt
776 1025 986 1112 recipiuntur

186 1127 314 1208 107,13
338 1126 391 1190 dei
777 1128 855 1192 tium

184 1230 312 1312 107,19
336 1241 400 1294 troo
418 1283 424 1296 .
443 1283 449 1296 .
467 1279 474 1294 .
492 1231 605 1295 studia
775 1235 963 1298 omittuntur

185 1335 256 1416 113,
270 1335 313 1398 24
336 1345 461 1398 tautum
776 1347 875 1400 totam

185 1439 313 1522 115,14
335 1439 421 1524 quod
444 1440 521 1504 deus
773 1441 853 1525 quia

184 1542 312 1624 119,15
335 1542 427 1606 uelut
452 1544 696 1607 inconsummati
776 1545 831 1609 uel
854 1545 1066 1608 consummati

185 1647 290 1728 122,4
335 1647 387 1710 tric
406 1670 469 1732 per
776 1650 854 1712 haec

183 1751 255 1832 122,
273 1751 309 1814 17
336 1752 466 1815 intorno
775 1763 909 1816 aeterna

184 1855 256 1938 122,
269 1855 312 1920 23
335 1856 366 1919 oi
387 1879 453 1919 non
475 1857 511 1920 in
530 1857 730 1921 alterutrum
774 1859 806 1921 ni
820 1879 885 1920 non
905 1857 991 1920 alter
1006 1857 1147 1920 alterum
1162 1858 1232 1920 eine
1250 1879 1323 1940 per-

374 1962 444 2026 eine
462 1963 682 2047 pennintione
701 1985 733 2026 oo
821 1963 975 2025 mixtione
989 1962 1044 2024 sui
1056 1971 1208 2047 penetrat
1220 1961 1324 2022 inror-

376 2067 444 2149 (pro
479 2068 546 2150 out)
581 2076 734 2153 penetrat
818 2089 921 2152 porea
936 2088 1016 2130 euae
1027 2065 1193 2128 claritatis
1205 2065 1324 2127 unione

377 2169 570 2256 incorporea
582 2182 610 2236 et
625 2193 732 2257 copae

374 2276 428 2338 eui
465 2275 613 2352 claritat,
652 2297 731 2362 erqo

375 2381 469 2442 humo

186 2482 286 2563 125,1
333 2483 545 2567 semiplenum
733 2487 736 2494 ’
774 2506 899 2568 semper
917 2481 1053 2567 plenum

183 2587 315 2668 134,13
334 2609 572 2672 proyreeeurus
773 2609 966 2673 proqrmrun

187 2691 258 2772 135,
270 2690 311 2753 27
336 2691 505 2773 confirmae
776 2691 1001 2772 confirmamur

184 2795 289 2877 136,4
334 2796 522 2859 contrarius
565 2778 619 2881 elii
661 2819 732 2858 cum
776 2793 1148 2879 contrariiehospitibue
1159 2793 1324 2877 nequitiae

373 2899 448 2964 diro
485 2901 639 2964 comitatu
680 2921 729 2962 ne-

371 3004 495 3088 quitiae

184 3108 311 3189 136,16
334 3108 443 3194 qradu
774 3107 893 3193 aaudii

183 3212 253 3294 136,
266 3211 307 3276 27
333 3211 459 3274 nudum
773 3213 940 3275 interdum

182 3315 287 3397 1316
327 3327 402 3402 post
431 3316 614 3380 tonitrunm
641 3339 727 3380 crea·
770 3328 845 3402 poet
868 3316 1010 3380 tonitrui
1031 3325 1216 3378 creaturam

371 3429 435 3484 tam
498 3437 500 3445 ⁴

180 3523 308 3606 140,13
332 3524 385 3586 iric
407 3525 475 3610 oyit
690 3603 693 3610 Ι
770 3525 820 3588 ait

181 3628 252 3709 141,
264 3628 306 3692 27
330 3627 466 3714 populis
770 3629 927 3713 apostolis

179 3732 284 3813 142,5
328 3734 385 3796 troc
408 3743 515 3796 oneret
543 3733 598 3816 (111.
623 3755 668 3816 pr.
697 3755 726 3796 o·
772 3735 905 3797 honorae

371 3838 476 3920 noret)

220 3949 342 4030 Quibus
373 3951 450 4014 locis
480 3951 595 4033 raptim
626 3951 820 4032 conquisitu,
855 3952 908 4032 qni
940 3953 1026 4016 nullo
1057 3954 1181 4034 negotio
1215 3953 1323 4034 augeri

171 4058 314 4138 possent,
345 4055 371 4118 si
399 4071 477 4135 opus
505 4058 598 4135 esset,
629 4071 750 4138 oppono
780 4056 930 4119 lectiones
961 4055 1117 4119 codicisV
1148 4060 1318 4137 corruptas.

171 4176 256 4240 quae
279 4162 333 4222 eut
355 4157 471 4222 librarii
491 4159 627 4242 produnt
647 4158 801 4222 incuriam
822 4162 877 4222 ant
892 4178 929 4221 ex
946 4159 1113 4242 archetypo
1130 4159 1320 4222 doriuandae

171 4265 252 4326 sunt
280 4265 443 4344 propterea
472 4263 555 4344 quo'd
586 4263 680 4326 etiam
712 4263 745 4326 in
775 4262 902 4343 reliquis
934 4263 1022 4326 libris
1055 4263 1223 4327 earundem
1254 4280 1324 4326 cor·

170 4366 370 4450 ruptelnrum
388 4365 520 4452 uestigia
536 4369 659 4432 exstant
682 4371 865 4432 nontamen
889 4367 957 4448 ipsa
979 4367 1094 4432 mondo
1115 4371 1198 4432 recto
1213 4370 1324 4434 sanata
