3100 4892
601 435 846 505 Prolegomeua
1200 436 1288 492 XLIX

150 608 295 674 lectiones
311 609 453 674 codicum
470 608 633 675 Claudiani
653 611 807 692 omnium,
830 613 974 693 quamuis
996 632 1051 695 per
1073 633 1107 678 se
1130 617 1287 696 spectatae

151 713 219 776 ferri
246 715 379 797 possint,
407 713 546 778 bonitate
574 715 743 780 lectionum
766 716 882 780 codicis
905 713 926 780 S
948 721 1145 799 superantur,
1173 718 1287 800 quippe

151 837 226 900 quae
248 819 417 884 concinant
440 837 511 884 oum
534 837 569 884 eo
592 823 689 900 textu,
713 839 806 902 quem
830 819 1019 885 Claudianus
1045 820 1112 904 ipse
1136 821 1288 904 epistulae

151 921 337 988 Faustianae
359 924 443 988 locos
465 924 618 1006 quosdam
637 925 671 988 in
691 943 746 990 suo
767 943 860 1008 opere
880 925 1020 1008 allegans
1043 925 1183 1009 praebet,
1205 925 1287 990 unde

150 1025 169 1092 S
191 1046 288 1110 aeque
312 1046 348 1092 so
372 1027 578 1093 Claudianum
600 1029 737 1112 genuina
759 1027 868 1092 Fausti
895 1027 993 1094 uerba
1018 1047 1171 1110 semasse,
1195 1028 1288 1095 Olau-

151 1132 231 1196 diani
257 1131 355 1197 libros
382 1133 551 1215 epistulam
578 1131 685 1197 Fausti
714 1151 751 1196 ex
778 1136 867 1216 parte
893 1133 1114 1216 interpolatam
1144 1133 1287 1198 exhibere

151 1240 286 1319 apparet.
325 1242 399 1301 sunt
421 1241 526 1302 autem
548 1237 581 1300 hi
597 1237 671 1301 loci:
694 1258 723 1321 p.
743 1235 946 1318 17513011
965 1235 1000 1320 (S
1016 1241 1048 1301 et
1063 1237 1171 1302 Claud.
1187 1237 1285 1302 Mam.

151 1359 178 1421 p.
194 1337 339 1421 84,6F.,
363 1358 423 1404 om.
445 1341 512 1404 rell.
532 1340 635 1414 oodd.;
664 1341 717 1422 qui
739 1341 826 1405 locus
849 1341 1029 1426 grauissimi
1055 1343 1206 1406 momenti
1228 1346 1287 1423 est,

152 1461 219 1508 oum
242 1445 294 1508 hio
310 1453 371 1506 aut
386 1446 476 1510 modo
493 1446 570 1510 satis
587 1444 738 1529 singulari
754 1445 871 1510 dictum
888 1464 956 1510 esse
971 1463 1064 1510 nemo
1080 1464 1142 1509 non
1157 1446 1287 1529 uideat),

154 1547 221 1629 175,
240 1547 280 1611 18
298 1547 472 1612 desideriis
488 1549 610 1633 (Claud.
627 1549 725 1614 Mam.
742 1549 762 1614 l.
780 1550 801 1614 l.
818 1554 851 1614 et
866 1549 887 1615 S
901 1547 1109 1635 [desider-iifl
1126 1547 1287 1612 desiderio

152 1653 240 1737 1111),
267 1652 339 1735 178,
358 1652 395 1715 17
417 1663 545 1716 tamtum
561 1657 593 1718 et
608 1651 725 1716 aderat
741 1652 775 1735 (S
792 1672 864 1718 oum
880 1652 989 1719 Claud.
1004 1673 1035 1736 p.
1054 1652 1126 1735 162,
1144 1653 1195 1736 13,
1219 1663 1287 1716 tua-

153 1756 311 1820 tummodo
342 1763 374 1824 11
403 1767 474 1820 erut
503 1758 596 1841 1111),
627 1755 758 1838 178,15
787 1762 860 1842 post
890 1756 1069 1820 (1011111000
1100 1758 1198 1822 uerba
1225 1776 1287 1823 non

152 1863 296 1946 leguntur
311 1863 344 1927 in
359 1862 380 1928 S
397 1866 428 1926 et
443 1860 552 1927 Claud.
568 1881 597 1944 p.
617 1859 689 1942 162,
708 1861 757 1943 10,
782 1863 916 1944 quae.in
937 1863 1005 1927 rell.
1022 1862 1110 1926 codd.
1126 1882 1181 1945 per
1204 1864 1288 1928 iran-

153 1967 219 2032 dem
236 1968 394 2032 inculcata
408 1971 491 2048 sunt,
503 1965 732 2051 praeceptione
747 1965 978 2030 ordinationis.
1014 1967 1092 2031 adde
1107 1965 1190 2048 quod
1205 1986 1287 2031 unus

154 2071 327 2154 Spriorem
355 2072 508 2157 epistulae
535 2077 656 2155 partem
680 2073 831 2152 seruauit,
858 2091 954 2154 quam
976 2090 1074 2154 aeque
1098 2071 1287 2138 Claudianus

155 2178 244 2256 uouit,
261 2181 356 2259 atque
373 2196 418 2258 ea,
436 2179 561 2259 quaein
577 2177 747 2260 posteriore
766 2179 855 2258 parte
870 2176 944 2241 libri
959 2174 1124 2241 Claudiani
1139 2176 1288 2240 omittunt

154 2281 201 2358 (of.
222 2282 304 2346 infra
329 2301 359 2364 p.
382 2280 454 2362 179,
473 2279 632 2362 14-180,
648 2278 713 2362 22),
741 2279 762 2346 S
786 2281 862 2344 item
885 2279 1009 2363 integra
1031 2279 1169 2363 praebet.
1208 2297 1288 2362 quae

155 2403 221 2450 cum
250 2387 295 2450 ita
325 2386 398 2466 sint,
428 2387 481 2468 qui
510 2387 631 2452 ratione
662 2389 694 2450 et
724 2385 774 2449 uia
803 2384 912 2449 Fausti
943 2385 1094 2468 epistulas
1126 2402 1288 2448 recensere

155 2491 291 2570 uoluerit,
322 2491 353 2553 id
383 2489 526 2574 inprimis
557 2508 649 2574 agere
680 2487 816 2570 debebit,
846 2491 883 2552 ut
911 2489 1095 2572 corruptelis
1125 2488 1238 2551 oodiois
1266 2486 1287 2552 S

155 2611 244 2674 quam
273 2594 469 2659 lenissimam
500 2595 685 2658 medicinam
715 2592 864 2657 adhibeat
893 2595 926 2656 et
951 2592 1127 2656 litterarum
1154 2591 1289 2674 uestigia

155 2714 243 2778 quam
266 2698 500 2782 religiosissime
523 2701 656 2781 premat.
694 2701 788 2779 atque
815 2697 846 2760 id
873 2697 905 2760 in
933 2696 977 2760 eis
1000 2696 1199 2778 potissimum
1224 2696 1288 2778 epi-

155 2800 240 2865 stulis
263 2801 495 2867 obseruandum
519 2806 577 2883 est,
604 2819 683 2883 quae
705 2801 804 2866 altero
828 2800 964 2881 quodam
986 2800 1091 2864 codiee
1113 2800 1287 2880 traduntur,

155 2905 237 2970 uelut
257 2906 290 2970 in
313 2907 436 2989 epistl
460 2909 492 2971 et
514 2907 556 2987 Π,
584 2923 661 2987 quas
685 2906 781 2970 ooden
803 2905 839 2984 P,
867 2908 900 2968 et
921 2905 954 2967 in
978 2904 1120 2986 epistulis
1145 2903 1287 2984 V—Vll,

155 3026 227 3088 quas
249 3011 343 3075 codex
366 3010 394 3091 Q
416 3011 562 3075 continet.

194 3113 241 3178 Ao
261 3117 398 3199 primum
421 3114 548 3197 quidem
571 3114 608 3178 de
631 3113 817 3178 austeritate
839 3112 953 3177 codicis
968 3112 994 3175 P
1010 3112 1159 3191 dicemus,
1184 3129 1288 3192 quem,

155 3236 339 3302 quamquam
354 3237 449 3303 supra
463 3239 493 3302 p.
510 3219 628 3284 XXXV
645 3219 767 3301 magnis
781 3216 926 3282 laudibus
943 3217 1110 3280 extulimus
1133 3215 1227 3280 libros
1250 3215 1288 3278 de

153 3324 252 3405 gratia
279 3324 502 3404 continentem,
532 3326 638 3387 11111111
666 3340 727 3387 non
755 3341 824 3386 esse
850 3321 1007 3400 idoneum,
1038 3337 1099 3401 quo
1126 3319 1239 3382 codicis
1267 3317 1288 3383 S

154 3428 328 3494 auctoritati
357 3427 473 3510 aliquid
504 3427 696 3507 detrahatur,
728 3425 890 3492 contendo.
929 3423 1172 3505 subscriptiones
1203 3423 1287 3486 enim

153 3531 221 3596 illes
243 3533 466 3616 episcoporum,
493 3550 570 3614 quas
597 3532 631 3596 in
653 3531 714 3595 fine
738 3530 891 3613 epistulae
912 3529 1032 3613 primae
1055 3528 1081 3591 P
1108 3527 1244 3607 exhibet,
1267 3525 1288 3591 S

154 3653 215 3699 non
243 3636 346 3717 habet,
377 3636 417 3700 ad
446 3637 578 3700 alteram
608 3635 761 3718 epistulae
790 3634 1005 3698 recensionem
1032 3631 1188 3696 aFausto
1220 3631 1287 3712 ipso

153 3740 320 3822 proiectam
335 3741 514 3806 rettulimus
532 3744 572 3821 11,
593 3757 785 3822 quamquam
800 3737 989 3819 dubitanter,
1013 3735 1164 3818 suspicati
1179 3753 1288 3799 sumus

154 3845 246 3908 etiam
274 3847 333 3910 duo
364 3845 419 3910 illa
447 3845 663 3910 additamenta
685 3864 713 3928 p.
734 3841 861 3924 162,17
883 3840 921 3904 id
944 3850 989 3903 est
1012 3838 1050 3903 de
1073 3837 1237 3923 baptizato
1253 3886 1286 3901 ..

153 3946 259 4011 noluit
280 3955 311 4015 et
337 3948 408 4030 163,
425 3948 466 4012 26
490 3947 519 4012 ei
540 3948 722 4026 dumtaxat,
745 3946 803 4031 pai
818 3967 934 4031 capere
948 3945 1016 4007 iam
1028 3943 1134 4029 possit
1149 3941 1288 4006 arbitrii

156 4049 328 4117 libertatem
352 4055 468 4119 Fausto
497 4053 612 4118 deberi.
651 4053 706 4118 sed
733 4053 836 4116 lacere
858 4069 921 4114 non
943 4068 1083 4133 possum,
1111 4050 1186 4131 quin
1214 4066 1288 4112 con-

154 4156 260 4222 cedam
278 4160 562 4224 additamentorum
585 4161 708 4241 praeter
731 4155 974 4238 subscriptiones
993 4154 1063 4217 illas
1083 4153 1218 4216 formam
1237 4171 1287 4216 sa-

154 4280 225 4343 pere
241 4261 504 4346 interpolatorem,
528 4263 580 4353 qui
596 4263 729 4326 fortasse
747 4261 816 4324 aliis
833 4277 954 4342 quoque
977 4258 1054 4323 locis
1078 4275 1207 4320 munere
1230 4275 1287 4320 suo

127 4393 130 4402 ⁴
154 4367 277 4432 lunotus
299 4372 358 4449 est,
382 4369 468 4432 uelut
489 4387 518 4450 p.
539 4365 610 4446 166,
627 4364 657 4447 9,
688 4365 741 4432 ubi
771 4385 810 4426 es
836 4360 983 4425 omnibus
1010 4381 1082 4426 cum
1109 4379 1172 4426 non
1194 4360 1287 4423 intel·

203 4477 258 4520 111,
271 4477 342 4521 mue.
1114 4466 1132 4515 d
