3100 4892
622 416 688 471 ΙΠΙ.
707 416 818 470 Sermo
837 420 878 474 25.
1259 419 1321 484 327

180 592 361 675 peregrinos
378 592 501 656 assidue
518 593 657 675 excipere
674 597 706 657 et
719 593 910 677 pauperibus
926 594 1103 676 frequenter
1119 595 1323 678 elimosynam

181 696 264 760 dare.
300 699 332 760 et
351 696 430 776 ideo,
454 697 535 778 quod
555 715 699 780 suggero,
723 697 762 761 ad
782 697 840 762 hoo
860 697 1011 782 proficiat,
1035 702 1080 780 ut,
1105 699 1157 781 qui
1178 698 1322 780 faciebat,

182 801 320 882 amplius
348 801 450 865 iaciat.
501 801 554 883 qui
585 819 660 866 uero
692 820 753 866 non
781 800 917 867 faciebat
949 806 1004 866 aut
1030 803 1109 867 forte
1137 803 1254 868 tardius
1277 804 1323 868 fa

180 905 293 985 ciebat,
317 909 383 969 tam
406 911 547 970 sanctam
570 905 630 971 sibi
652 911 684 972 et
706 906 763 970 deo
786 907 935 991 placitam
959 907 1172 991 operationem
1194 908 1227 972 in
1250 926 1323 972 oon-

180 1010 380 1074 suetudiuem
402 1011 518 1075 mittat.
558 1015 589 1075 et
610 1012 683 1075 licet
698 1012 834 1092 credam,
858 1012 941 1094 quod
963 1011 1021 1077 deo
1043 1013 1215 1096 inspirante
1239 1031 1322 1077 sem·
1361 1039 1374 1078 a

178 1133 234 1196 per
257 1115 551 1197 superuenientibus
574 1115 799 1181 festiditatibue
823 1116 1001 1181 castitatem
1032 1121 1106 1182 ante
1129 1117 1234 1200 plures
1257 1117 1322 1182 dies

178 1217 290 1301 <etiam
313 1238 385 1283 oum
407 1220 537 1302 propriis
561 1219 723 1305 uxoribus>
749 1221 906 1286 custodiat
928 1221 1042 1286 caritas
1071 1225 1186 1302 uestra,
1215 1225 1322 1286 tamen

178 1324 253 1388 licet
276 1342 311 1388 er
334 1323 490 1405 superfluo
514 1325 620 1406 etiam,
647 1325 729 1407 quod
752 1342 809 1389 uos
832 1325 935 1390 facere
958 1325 1059 1406 credo,
1087 1325 1226 1390 caritatis
1249 1344 1322 1390 con-

180 1427 383 1511 templatione
406 1446 598 1509 commoneo,
622 1433 657 1493 nt
678 1449 734 1512 per
750 1431 849 1494 totam
865 1429 1139 1513 quadragesimam
1162 1448 1260 1512 usqne
1283 1430 1322 1495 ad

178 1532 276 1596 finem
290 1532 426 1615 paschae
448 1533 625 1597 castitatem
641 1533 698 1598 deo
722 1533 890 1599 auxiliante
914 1537 1078 1599 seruantes
1102 1533 1133 1599 in
1150 1535 1204 1598 illa
1219 1553 1322 1600 sacro·
1350 1560 1375 1600 ιο

179 1640 289 1701 saneta
315 1637 524 1701 sollemnitate
553 1638 692 1719 paschali
723 1637 862 1702 caritatis
892 1638 962 1702 luce
995 1638 1110 1718 uestiti,
1142 1639 1322 1721 elimosynis

179 1740 342 1823 splendidi,
366 1740 570 1822 orationibus,
593 1742 709 1825 uigiliis
730 1746 761 1806 et
775 1741 899 1806 ieiuniis
916 1742 1004 1806 uelut
1019 1741 1205 1824 quibusdam
1223 1743 1322 1807 caele-

179 1845 280 1909 stibus
303 1848 336 1909 et
358 1845 552 1928 spiritalibus
575 1847 754 1931 margaritis
776 1845 879 1911 ornati
901 1864 963 1911 non
980 1847 1082 1910 solum
1105 1865 1177 1910 oum
1202 1846 1321 1926 emisio,

178 1949 235 2014 sed
257 1950 356 2014 etiam
379 1968 452 2014 oum
474 1950 609 2015 inimicis
631 1950 753 2034 pacifici
768 1950 868 2015 libera
891 1953 922 2014 et
945 1968 1055 2014 secura
1070 1951 1260 2015 conscientia
1283 1951 1321 2014 ad

178 2055 277 2118 altare
301 2054 419 2118 domini
442 2055 623 2118 accedentes
646 2073 757 2137 corpus
781 2059 812 2120 et
834 2055 1020 2138 sanguinein
1038 2055 1103 2118 eius
1127 2073 1189 2119 non
1213 2055 1251 2118 ad
1274 2055 1322 2118 iu·
1349 2081 1374 2120 15

178 2158 307 2239 dicium,
331 2158 386 2222 sed
409 2158 448 2222 ad
470 2159 644 2223 remedium
667 2159 792 2242 possitis
817 2158 966 2242 occipere.

221 2262 284 2328 Sed
313 2282 386 2328 cum
417 2264 455 2328 de
486 2264 663 2347 elimosynis
694 2265 817 2346 loquar,
854 2281 914 2328 non
949 2249 1152 2328 conturbetur
1186 2266 1321 2346 angusta

178 2372 355 2452 paupertas.
391 2368 497 2432 omnia
512 2368 597 2433 euim
617 2369 796 2451 compleuit,
820 2367 883 2451 qui,
907 2367 989 2450 quod
1004 2368 1116 2450 potuit,
1140 2367 1224 2446 lecit,
1248 2366 1322 2447 quia

178 2474 325 2537 noluntas
347 2473 487 2556 perlecta
509 2473 644 2537 faciendi
666 2473 862 2554 reputabitur
885 2490 940 2555 pro
964 2489 1054 2554 opere
1076 2471 1160 2535 lacti.
1185 2470 1239 2534 sed
1262 2470 1321 2534 hoc

179 2578 233 2642 ille
264 2578 395 2659 implere
424 2578 554 2660 poterit,
587 2576 643 2660 qui
672 2596 800 2642 omnem
830 2595 1000 2660 pauperem
1031 2576 1120 2659 quasi
1151 2595 1184 2639 se
1215 2575 1318 2657 ipsum
1346 2602 1373 2641 ro

178 2681 373 2746 considerare
396 2681 540 2746 noluerit.
576 2681 621 2745 sic
643 2681 772 2765 pauperi
795 2681 922 2762 tribuat,
954 2681 1119 2763 quomodo,
1150 2681 1176 2744 si
1199 2679 1320 2763 ipsein

179 2787 235 2850 tali
258 2786 445 2850 necessitate
475 2789 569 2866 esset,
600 2785 660 2850 eibi
687 2785 752 2850 fieri
781 2789 916 2869 cuperet.
963 2786 1039 2849 haec
1063 2784 1115 2866 qui
1139 2785 1258 2862 lecerit,
1290 2787 1321 2848 ct

178 2892 251 2954 noui
279 2894 311 2954 et
333 2889 450 2954 ueteris
474 2890 654 2955 testamenti
679 2893 848 2973 praecepta
878 2888 1049 2973 complebit
1077 2889 1212 2971 implens
1244 2888 1321 2952 illud

179 2995 412 3078 euangelicum:
434 2995 573 3074 omnia,
590 3012 841 3077 quaecumque
858 2994 985 3074 unitio,
1002 2997 1041 3058 ut
1056 2994 1200 3058 faciant
1215 2991 1320 3056 uobis

178 3100 363 3180 homines,
397 3098 451 3164 ita
484 3103 521 3163 et
554 3117 619 3162 uos
649 3099 764 3163 facite
798 3098 877 3162 illis
909 3097 1097 3162 similiter.
1143 3098 1233 3160 baec
1264 3099 1321 3160 est
1347 3123 1372 3162 re

178 3205 274 3269 enim
301 3204 359 3268 lex
388 3207 425 3267 et
450 3203 665 3287 prophetae,
696 3203 735 3266 ad
762 3221 855 3285 quam
884 3215 976 3266 uerae
1000 3205 1031 3265 et
1058 3202 1214 3285 perlectae
1242 3201 1319 3264 cari-

178 3308 252 3372 tatis
268 3309 372 3392 legem
392 3308 460 3391 ipse
482 3325 540 3372 nos
556 3307 700 3372 dominus
723 3307 781 3372 sub
800 3325 856 3372 sua
871 3307 1062 3389 protectione
1084 3305 1243 3389 perducat,
1267 3305 1320 3387 qui

176 3431 249 3477 curn
271 3415 360 3496 patre
383 3415 416 3476 et
438 3411 550 3496 spiritu
572 3415 680 3477 sancto
707 3411 788 3476 uiuit
811 3415 843 3476 et
864 3413 976 3495 regnat
1002 3411 1035 3475 in
1058 3410 1183 3474 saecula
1211 3427 1319 3473 saecu-

176 3518 290 3582 lorum.
328 3515 444 3581 Arnen.

281 3715 326 3784 ar]
345 3715 442 3769 uacci.
456 3717 480 3780 r,
495 3717 534 3771 re.

222 3911 235 3963 1
263 3906 454 3960 helemosinam
483 3906 510 3961 P
577 3907 594 3960 4
617 3907 708 3958 tamen
730 3906 758 3958 P
827 3902 871 3958 ida
893 3905 920 3958 P
988 3903 1086 3972 placite
1114 3903 1265 3973 operatione
1293 3903 1321 3956 P

177 3998 192 4051 7
220 3993 463 4048 etiam—uxoribus
489 3993 571 4063 Auo,
597 4011 648 4048 om.
667 3993 694 4046 P
781 3995 797 4048 9
826 3991 1069 4060 quadragesimam]
1101 3993 1128 4044 et
1153 3991 1217 4044 add.
1245 3991 1318 4060 Auo.

179 4085 209 4138 ll
229 4080 427 4150 sollempnitate
445 4082 473 4135 P
538 4078 710 4133 helemosinia
728 4079 755 4132 P
821 4081 853 4133 12
871 4078 951 4132 uelud
970 4080 998 4132 P
1061 4081 1093 4133 15
1112 4075 1275 4144 accelldentou
1293 4077 1321 4131 P

179 4167 433 4225 17uelemosinis1³
483 4167 618 4235 loquimur
630 4166 702 4236 Auo.
738 4164 1133 4268 1121ιιοΙιιοτίῐ]ιιῖαάἀ.Αιιςι.
1191 4166 1225 4220 24
1238 4179 1318 4217 euan-

178 4281 279 4350 gelium
296 4281 325 4336 P
375 4281 409 4336 25
427 4280 466 4334 ita
483 4282 621 4349 ammoy.
674 4280 708 4334 26
726 4294 742 4331 a
759 4279 788 4334 P
803 4278 833 4346 (d
845 4295 917 4336 moa.
931 4279 991 4368 ult.)
1043 4280 1076 4336 27
1095 4276 1227 4352 ipsoP(e
1245 4293 1317 4335 moa.

178 4369 244 4438 ab),
262 4367 324 4438 pius
341 4369 413 4440 Auo.
467 4383 514 4421 uos
532 4367 606 4436 Aoo.
