3100 4892
621 435 716 490 Liber
734 436 762 490 II
782 439 805 492 3.
1221 437 1280 502 137

143 612 270 695 spiritus
293 611 400 676 reterri
421 615 533 696 potest,
563 613 624 677 nisi
647 612 795 676 adieceris
819 615 872 676 aut
895 613 1039 696 spiritum
1062 613 1112 677 dei
1134 617 1189 677 aut
1214 615 1277 695 spi-

143 719 239 781 ritum
262 721 407 781 sanctum
429 721 484 782 ant
514 718 669 799 spiritus
701 714 764 780 ubi
795 717 877 782 uult
907 717 1042 801 spirat,
1071 717 1103 782 id
1131 722 1187 797 est,
1218 719 1278 782 nisi

143 822 291 886 adieceris
315 826 368 886 aut
391 822 491 905 operis
513 826 568 886 aut
590 821 706 906 proprii
728 823 863 886 nominis
887 821 1080 906 dignitatem.
1121 822 1230 886 deinde
1254 824 1281 887 si

143 927 181 990 ad
197 926 338 990 ordinem
353 927 500 1010 respicias
519 927 670 1008 lectionis,
694 927 788 1010 istam
812 927 1072 1008 excellentiorem,
1096 931 1130 991 ut
1153 928 1280 1007 adseris

143 1035 317 1095 creaturam
352 1031 446 1095 nimis
480 1031 631 1095 deiectam
667 1051 736 1095 esse
765 1033 963 1112 monstrauit,
998 1050 1072 1096 nam
1107 1050 1176 1096 eam
1210 1035 1282 1115 post
1321 1059 1333 1097 a

144 1135 317 1201 tonitruum
348 1140 485 1200 creatam
515 1155 584 1200 esse
617 1136 790 1219 descripsit.
838 1137 919 1201 unde
952 1137 1179 1219 inconsequens
1213 1137 1282 1218 fuit,

144 1243 178 1304 ut
200 1241 288 1305 iuxta
311 1258 439 1304 sensum
461 1243 551 1304 tuum
573 1241 744 1323 principale
767 1241 826 1305 hoo
849 1259 926 1324 opus
950 1242 998 1305 dei
1019 1240 1231 1306 inrationabili
1252 1245 1283 1306 et

144 1345 316 1410 insensibili
339 1349 538 1430 postponeret
559 1349 615 1409 aut
637 1346 768 1410 sociaret
791 1346 953 1410 elemento.
993 1346 1030 1410 de
1057 1364 1190 1431 persona
1220 1364 1282 1411 uon

145 1451 247 1515 dicam
270 1450 383 1534 angeli,
406 1449 461 1514 sed
484 1449 650 1514 cuiuslibet
671 1451 746 1514 iusti
769 1450 934 1535 indignum
957 1469 1025 1516 esse
1048 1450 1108 1515 hoo
1129 1451 1221 1516 credi.

184 1555 290 1638 Magis
322 1572 395 1639 ergo
424 1553 483 1620 hoo
510 1555 684 1638 proximum
708 1558 739 1620 et
761 1556 898 1620 amicum
920 1557 1044 1621 uidetur
1068 1575 1136 1620 esse
1158 1557 1281 1638 rationi,
1310 1581 1334 1620 ro

145 1663 178 1724 ut
206 1663 278 1743 post
306 1659 444 1724 tonitrua
471 1658 571 1724 flabra
597 1659 819 1742 intellegamus
843 1660 1017 1745 significata
1039 1663 1216 1742 uentomm,
1247 1665 1283 1726 ut

146 1769 192 1830 est
217 1765 294 1828 illud
323 1765 357 1828 in
386 1764 530 1848 psalmis:
564 1764 720 1848 spiritus
750 1766 1015 1848 procellarum,
1046 1767 1108 1849 qui
1137 1765 1283 1831 faciunt

146 1870 296 1934 uerbum
328 1870 421 1950 eius,
451 1870 503 1934 uel
524 1869 616 1934 illud:
647 1870 805 1954 sulphur
824 1861 991 1954 'spiritus
1014 1871 1282 1955 procellarum,

146 1975 208 2039 uel:
232 1974 370 2057 spiritu
393 1974 605 2038 uehementi
627 1978 825 2039 conterens
848 1993 964 2040 naues
980 1974 1146 2040 Tharais.
1181 1975 1282 2040 diuer-

147 2079 187 2143 sis
210 2079 312 2144 modis
334 2078 462 2162 spiritus
483 2078 685 2162 intellegitur,
708 2078 832 2162 qnando
854 2097 918 2144 non
941 2098 1013 2144 eum
1028 2080 1199 2164 priuilegiis
1216 2080 1281 2144 suis
1309 2102 1334 2142 rs

147 2183 319 2266 specialiter
350 2183 541 2266 designatur.
589 2183 644 2247 sed
669 2183 793 2248 omissis
816 2183 865 2248 his
887 2184 1046 2268 interroga
1068 2185 1281 2249 translationis

147 2288 335 2353 Hebraeicae
358 2288 524 2352 ueritatem
547 2291 579 2352 et
600 2287 644 2352 ibi
666 2288 884 2353 confusibilem
907 2289 1117 2372 persuasionis
1141 2293 1213 2354 tuae
1229 2289 1282 2352 de-

147 2393 315 2473 prehendes
346 2409 491 2457 errorem.
536 2392 581 2456 ita
611 2392 695 2456 enim
725 2393 788 2456 illic
819 2391 960 2458 absolute
990 2394 1108 2458 dictum
1139 2413 1207 2458 esse
1234 2411 1282 2457 re·

147 2498 257 2578 peries:
281 2496 367 2578 quia
390 2515 473 2561 ecce
497 2514 563 2581 ego
577 2497 743 2562 formans
760 2502 905 2563 montes
923 2501 958 2563 et
973 2517 1103 2563 creans
1119 2501 1279 2562 uentum.

148 2601 225 2682 uide,
248 2619 344 2683 quam
363 2601 455 2665 nudis
477 2604 584 2666 contra
600 2601 693 2666 deum
716 2601 821 2666 uerbis
845 2605 875 2666 et
898 2620 993 2684 quam
1015 2602 1160 2666 inanibus
1184 2602 1282 2666 credi·
1308 2628 1333 2667 20

148 2704 225 2769 disti.
268 2705 350 2785 uide,
389 2723 482 2788 quam
520 2724 635 2789 magno
673 2710 704 2771 te
742 2711 927 2790 argumento
965 2710 1073 2772 contra
1109 2709 1281 2790 potentiam

148 2810 316 2874 maiestatis
346 2809 485 2874 armasti.
532 2813 563 2874 st
591 2814 664 2894 post
693 2811 755 2876 ista
783 2830 846 2876 non
876 2812 991 2876 metuis
1022 2813 1103 2876 circa
1135 2815 1202 2876 tam
1235 2813 1282 2876 in-

148 2912 268 2977 firmum
294 2914 422 2979 haerere
448 2916 677 2997 ramusculum,
709 2917 762 2998 qni
790 2917 822 2980 in
850 2919 915 2980 tam
945 2916 1135 2980 horrendum
1164 2917 1281 3000 pendes

149 3016 334 3101 abmptnm?

247 3275 275 3346 2]
298 3277 391 3331 Ioann.
409 3280 434 3341 3,
451 3281 474 3332 8.
548 3277 833 3345 121Pss1m.148‚8.
906 3279 951 3348 13]
969 3277 1067 3333 Psalm.
1089 3282 1127 3344 10,
1141 3283 1163 3334 7.
1236 3279 1280 3348 14]

148 3361 242 3416 Psalm.
255 3365 297 3429 17,
309 3366 334 3419 8.
387 3363 431 3432 19]
450 3363 548 3427 Ami,
563 3365 601 3420 13.

189 3607 320 3677 &proprii
337 3625 472 3678 capranna
485 3609 524 3685 P²
576 3609 708 3664 lasseris
725 3611 754 3665 P
805 3609 990 3680 5dsspectam
1010 3612 1037 3665 P
1089 3611 1235 3666 litonitrui
1254 3612 1282 3667 P

148 3696 291 3748 creaturam
310 3695 338 3750 P
397 3694 471 3763 lllut
486 3696 513 3751 V
562 3698 589 3749 ot
605 3694 753 3750 insensibili
771 3714 858 3753 om.c
910 3701 1085 3767 sparsorum
1104 3699 1132 3752 P
1191 3701 1281 3754 tesso

148 3796 224 3834 omn
292 3783 325 3837 10
344 3781 452 3835 uidetur
469 3783 575 3852 scripsi,
594 3781 669 3835 uidet
684 3783 715 3851 V,
733 3801 785 3838 om.
799 3783 826 3838 P
895 3784 962 3853 esse]
986 3784 1145 3838 arbitramus
1163 3786 1227 3840 add.
1248 3787 1281 3855 P,

148 3908 336 3968 soresmos
407 3914 437 3967 11
457 3911 499 3980 uc]
518 3911 541 3965 si
560 3913 587 3966 P
655 3870 746 3967 aima
763 3913 791 3968 P
806 3914 846 3980 (nr
864 3932 935 3970 mam.
954 3915 1013 3981 aaa.)
1081 3913 1284 3982 rnouegamu

150 4041 180 4094 12
198 4043 237 4095 cst
252 4061 302 4099 om.
316 4043 345 4097 P
397 4043 429 4097 14
448 4044 566 4096 conteres
584 4043 612 4096 P
665 4046 696 4098 15
714 4001 884 4112 intellegitur
909 4045 932 4098 V
954 4044 978 4110 (i
1001 4061 1072 4099 moa.
1092 4045 1160 4113 alt),
1181 4042 1280 4098 intelli-

149 4126 219 4193 gitur
230 4129 256 4182 P
307 4132 339 4185 16
357 4128 511 4198 intorrogslll
527 4130 553 4184 V
567 4130 609 4196 (ia
626 4147 726 4184 rasura
737 4136 795 4185 mat
808 4131 847 4198 ta)
900 4133 931 4187 11
950 4129 1071 4201 hebreice
1089 4132 1120 4200 V,
1138 4129 1241 4201 ebraice
1254 4132 1283 4186 P

148 4255 271 4312 uirtutem
289 4261 316 4313 P
376 4218 439 4312 sluaa
461 4261 486 4313 V
501 4260 525 4325 (t
543 4277 614 4314 naon
627 4261 687 4327 alt.)
741 4263 774 4317 18
791 4259 911 4314 absolute
930 4279 979 4317 ooo.
999 4262 1026 4315 P
1078 4261 1209 4330 repperies
1228 4261 1284 4315 PV

149 4386 181 4440 22
198 4384 244 4439 illa
259 4389 285 4442 P
352 4391 386 4444 23
404 4389 495 4443 herere
517 4390 543 4444 V
609 4346 731 4457 quintam
754 4391 781 4444 V
795 4390 821 4457 (i
842 4408 914 4446 mora
934 4393 993 4460 alt.)
1063 4389 1156 4460 pendis
1179 4393 1204 4446 V
