3100 4892
248 421 284 481 14
705 420 725 473 1.
745 421 789 473 llo
808 420 915 488 gratia

243 596 352 677 coepit,
372 596 530 677 generatio
551 596 780 678 corruptionem
802 616 838 659 ex
853 596 1099 679 transgressione
1119 598 1268 679 concepit.
1298 598 1377 661 iuter

242 701 419 781 nuptiarum
448 718 562 764 nunnus
585 699 687 763 adhuc
709 701 741 763 in
764 700 907 783 paradiso
934 720 953 763 a
975 705 1113 765 creatore
1141 718 1323 765 concessum
1347 706 1378 765 et

242 820 348 866 earum
371 822 473 883 usum,
497 804 550 885 qui
570 808 656 867 extra
671 806 852 888 paradisum
873 804 936 867 iam
961 805 1094 887 sumpsit
1117 805 1284 885 exordium,
1307 824 1377 887 pec-

242 911 348 970 catum
371 908 402 971 111
427 908 527 971 medio
555 908 623 971 fuit.
669 909 750 972 inter
777 910 1010 992 generationem
1038 912 1069 971 et
1096 910 1375 991 concupiscentiam

202 1028 215 1065 ⁵
241 1011 390 1092 quidquid
417 1012 591 1095 praeceptio
615 1012 721 1076 diuina
743 1013 915 1093 coustituit,
942 1013 1000 1077 hoc
1023 1012 1125 1092 laudo,
1149 1012 1296 1094 quidquid
1319 1012 1377 1076 hu-

240 1132 335 1179 mana
360 1116 585 1198 praeuaricatio
613 1117 732 1196 adiecit,
760 1116 820 1181 hoc
845 1116 985 1199 reprobo.
1030 1117 1184 1198 quomodo
1213 1117 1239 1180 si
1265 1117 1376 1198 aliquis

240 1222 306 1281 atro
322 1218 555 1299 inquinamento
575 1220 740 1284 candorem
762 1220 872 1284 niueae
896 1220 992 1283 uestis
1016 1224 1170 1303 aspergat,
1193 1238 1255 1283 non
1271 1220 1377 1303 displi-

240 1322 438 1403 collectura,
462 1324 516 1387 sed
532 1325 664 1388 macula.
688 1324 869 1389 aestimanti
893 1342 953 1389 non
971 1324 1079 1387 amisit
1100 1342 1207 1404 usum,
1227 1324 1285 1387 etsi
1307 1342 1376 1407 per·

240 1425 317 1491 didit
351 1428 544 1509 dignitatem.
589 1429 695 1492 futura
725 1433 793 1492 erat
826 1427 1039 1493 indubitanter
1069 1432 1156 1493 casta
1191 1432 1221 1492 et
1255 1428 1377 1493 sincera

189 1549 213 1587 10
239 1532 408 1614 generatio,
436 1532 462 1595 si
488 1550 550 1596 non
577 1532 807 1597 intercessisset
833 1532 959 1597 inimica
984 1533 1200 1616 transgressio.
1246 1533 1300 1597 sed
1326 1532 1376 1596 111-

239 1635 412 1699 maculatos
439 1635 545 1699 1110100
571 1654 643 1700 caro
675 1636 884 1701 maledictioni
911 1636 1035 1701 addicta
1060 1636 1232 1701 mandauit
1263 1640 1295 1699 et
1320 1656 1375 1719 per

239 1739 402 1821 superbiae
418 1740 562 1822 spiritum
582 1740 754 1822 simplicem
775 1741 912 1824 corrupit
933 1742 1080 1805 affectum
1103 1744 1134 1804 et
1156 1741 1237 1805 sicut
1259 1741 1376 1804 inmor-

238 1843 369 1907 talitatis
384 1844 592 1927 priuilegium,
609 1844 654 1907 ita
669 1844 785 1907 donum
801 1844 934 1927 perdidit
949 1845 1102 1928 puritatis.
1127 1862 1188 1909 non
1205 1845 1237 1907 iu
1253 1844 1375 1925 querel-

238 1947 302 2010 lam
329 1951 458 2011 uocatm·
484 1948 634 2030 nuptialis
661 1950 776 2031 gratia,
809 1949 863 2011 sed
891 1948 1042 2013 obscenae
1070 1948 1222 2031 passionis
1250 1948 1373 2013 iniuria.

186 2069 211 2107 1⁵
238 2070 299 2115 non
323 2070 433 2115 aurium
455 2052 487 2115 111
511 2052 634 2135 culpam
657 2053 754 2133 uenit,
777 2053 832 2117 sed
856 2052 1003 2135 quidquid
1027 2071 1100 2118 auro
1123 2054 1234 2135 obryzo
1254 2053 1375 2117 adulte-

237 2156 341 2220 rinum
364 2157 449 2219 fraus
472 2156 644 2238 iniquitatis
664 2157 841 2237 admiscuit,
865 2158 945 2221 sicut
968 2158 1064 2240 ipsius
1085 2157 1204 2240 Pelagii
1228 2158 1374 2240 spiritum

238 2260 276 2323 ad
299 2260 428 2323 meliora
450 2260 594 2324 studiaa
616 2261 672 2325 deo
696 2261 855 2325 conditum
879 2262 1073 2343 corruptione
1096 2262 1243 2344 pestilera
1265 2263 1374 2342 nequi·

237 2364 298 2427 tiae
321 2368 428 2427 auctor
451 2364 568 2427 infecit.

773 2538 831 2601 HI.

183 2676 209 2715 20
236 2680 357 2721 CONTRA
378 2680 450 2738 noc,
472 2680 556 2727 QUOD
576 2680 701 2739 Dicitur,
725 2680 800 2727 Qum
821 2681 881 2721 Pan
901 2680 1002 2721 SOLAH
1019 2681 1159 2722 abaciam
1175 2681 1268 2723 0111118
1285 2682 1372 2725 nollo

545 2768 614 2808 sinu
637 2768 717 2809 ULLO
740 2768 863 2809 naboan:
887 2767 1059 2809 SALUBTUB.

277 2883 369 2947 Nunc
395 2884 584 2948 ueniendum
612 2885 725 2948 estad
753 2885 834 2964 illoc,
862 2885 924 2965 qni,
953 2885 1026 2949 dum
1049 2886 1183 2969 gratiam
1210 2886 1280 2950 aliis
1304 2886 1372 2951 dari

234 2989 302 3052 aliis
326 2988 433 3069 negari
456 2993 608 3068 asserunt,
637 3008 751 3052 munus
774 2990 892 3071 gratiae
916 3006 987 3052 cum
1010 2989 1136 3072 Pelagio
1160 2990 1370 3071 perdiderunt.

235 3092 343 3155 dicunt
359 3110 431 3174 ergo
447 3092 486 3155 ad
503 3092 622 3155 cultum
639 3093 688 3155 dei
707 3097 802 3173 atque
818 3092 1004 3157 famulatum
1021 3094 1115 3157 etiam
1135 3098 1206 3176 post
1220 3094 1370 3177 baptismi

183 3212 208 3250 2⁵
235 3198 370 3260 salutare
387 3196 503 3260 donum
519 3197 649 3260 deuotae
669 3197 828 3261 seruitutis
844 3196 1071 3262 oboedientiam
1092 3217 1153 3262 11011
1169 3198 1294 3279 requiri,
1315 3200 1370 3263 sed

234 3300 332 3365 solam
356 3320 459 3383 perse
478 3302 611 3384 gratiam
632 3300 777 3365 effectum
798 3302 953 3365 humanae
970 3301 1079 3365 salutis
1095 3304 1224 3385 operari.
1257 3306 1370 3383 totum,

234 3405 387 3486 inquiunt,
411 3405 506 3469 solius
529 3409 578 3468 est
598 3406 724 3487 gratiae.
764 3405 849 3469 istud
873 3405 984 3469 melius
1008 3423 1026 3468 a
1049 3406 1137 3470 uobis
1161 3407 1276 3489 poterit
1299 3407 1370 3487 dici,

234 3507 293 3571 boc
323 3509 422 3591 magis
457 3510 570 3573 nostris
600 3509 741 3590 partibus
772 3509 937 3573 conueniet
967 3508 1129 3592 adplicari,
1160 3510 1214 3592 qui
1245 3527 1307 3574 uon
1338 3512 1371 3575 in

233 3616 364 3693 partem,
391 3611 446 3674 sed
472 3612 504 3674 in
527 3615 629 3675 totum
656 3631 755 3694 genus
778 3611 952 3675 humanum
975 3613 1093 3695 gratiae
1116 3612 1267 3676 beneficia
1289 3614 1371 3676 fate·

182 3730 208 3769 ³⁰
234 3733 303 3779 mur
318 3715 452 3795 extendi,
475 3716 520 3779 sic
543 3719 658 3796 tamen,
681 3720 716 3779 ut
736 3716 762 3778 ei
779 3714 959 3799 uigilantiae
978 3716 1134 3779 humanae
1154 3716 1291 3779 studium
1313 3736 1371 3799 per

278 3920 525 3990 lcorruptioniso
594 3922 718 3990 coepito
787 3922 934 3978 interimo
1003 3926 1145 3979 3ususo
1213 3924 1259 3991 qui
1282 3942 1371 3981 omo

233 4012 364 4076 bonomo
382 4008 422 4061 P¹
481 4008 592 4062 7niuao
611 4010 638 4062 P
692 4014 817 4078 aspergat
836 4010 863 4063 P
918 4010 1036 4079 displicit
1054 4012 1081 4064 P
1136 4011 1326 4065 8uestimeuti
1345 4032 1369 4081 o,

233 4094 899 4163 1100110001οΡ,01100011010111011100111001101112
947 4100 977 4153 ll
993 4114 1131 4165 peronne
1180 4100 1211 4153 12
1230 4097 1370 4166 spirituas

233 4181 342 4250 corripit
360 4182 388 4235 P
439 4184 471 4236 13
490 4180 631 4252 querillam
649 4184 676 4236 P
728 4186 760 4237 14
778 4182 889 4237 obscene
908 4184 935 4237 P
993 4188 1022 4240 15
1041 4183 1128 4237 obrizo
1148 4186 1175 4238 P
1233 4187 1264 4239 lo
1283 4184 1369 4253 ipsius

232 4286 313 4322 onte
369 4266 530 4322 221101οΡ
585 4268 781 4337 24011011οΡι
842 4272 876 4324 25
894 4268 1071 4323 obedientiam
1090 4272 1117 4324 P
1176 4273 1210 4325 26
1228 4286 1308 4339 opera
1326 4273 1369 4327 Ρ1

233 4356 265 4407 27
285 4354 356 4406 solus
374 4356 415 4407 P¹
469 4358 502 4409 28
521 4356 660 4409 conueniet
676 4358 783 4425 scripsi,
802 4356 927 4409 conuenit
945 4358 973 4410 P
