3100 4892
669 425 911 492 Prolegomcne.
1318 424 1355 476 x1

147 617 150 624 ·
266 599 383 680 Quodsi
398 600 529 666 Furious
552 601 584 664 in
608 618 704 666 causa
725 601 794 680 luit,
817 605 854 664 ut
868 601 1005 664 Faustus
1027 618 1054 664 a
1071 599 1132 662 4tt
1157 601 1190 663 in
1213 600 1356 664 exsilium

218 705 400 787 pelleretur,
423 705 476 770 illo
499 705 625 770 demum
649 709 772 770 mortuo
796 705 815 768 i.
833 725 858 768 e.
875 722 956 770 anno
978 701 1043 766 485
1065 704 1097 768 in
1121 703 1255 787 patriam
1274 703 1357 768 hunc

218 809 351 874 rediisse
374 809 441 874 ueri
464 810 565 874 simile
589 813 647 874 est.
686 827 745 892 qno
767 811 835 875 loco
858 809 945 873 ensal
967 809 1089 889 uixerit,
1113 808 1280 888 nescimus,
1302 809 1357 871 sed

218 913 322 978 exsilii
351 914 455 980 locum
484 915 576 998 louge
606 913 645 979 ab
673 913 801 978 Arelate
828 913 944 978 anasse
974 933 1010 977 er
1037 913 1147 977 Fausti
1174 912 1288 977 litteris
1318 912 1357 976 ad

219 1016 368 1098 Felicem,
395 1018 496 1082 lilium
518 1018 628 1102 Magni
655 1019 803 1098 consulis,
831 1019 885 1100 qui
912 1018 1074 1100 disciplina
1100 1017 1222 1082 Leontii
1247 1015 1357 1080 Arela-

218 1121 319 1186 tensis
348 1121 505 1204 utebatur,
533 1141 569 1186 en
598 1123 704 1188 exsilio
733 1123 814 1187 datis
841 1122 1064 1206 intellegimus,
1095 1121 1134 1186 el.
1155 1141 1185 1205 p.
1209 1119 1280 1200 195,
1299 1119 1356 1185 20:

214 1245 281 1312 per·
308 1235 475 1290 tactorum
500 1236 600 1290 uuatu
626 1225 810 1290 interualla
836 1225 1002 1312 reqionum
1032 1234 1061 1288 et
1084 1247 1147 1311 per
1173 1233 1219 1288 tot
1245 1245 1358 1288 rerum

216 1330 393 1396 interiectu
416 1331 610 1395 discrimina
630 1330 676 1394 ud
695 1351 753 1394 uos
772 1351 875 1416 usqua
895 1328 1105 1393 latitudinem
1122 1339 1252 1393 uestrae
1272 1329 1357 1393 curi-

217 1435 300 1500 tatis
316 1435 498 1512 murdim,
515 1439 547 1501 et
561 1435 658 1501 uerba
670 1437 824 1520 epistulae
836 1436 876 1501 ad
886 1436 1048 1500 Ruricium
1059 1436 1091 1499 in
1103 1436 1209 1500 ersilio
1225 1435 1357 1518 scriptae

216 1561 250 1624 p.
267 1539 343 1622 211,
359 1539 393 1605 6:
418 1540 454 1604 iu
476 1549 594 1604 secreto
617 1539 788 1627 relipiouia
810 1560 950 1626 oouqruc
973 1549 1002 1602 et
1025 1537 1302 1624 tranquillissimo
1322 1538 1357 1602 iu
1440 1577 1443 1584 -

216 1643 351 1708 silentio
381 1645 548 1708 constituti
572 1645 741 1730 praerecti
772 1643 972 1708 incutiamus
1002 1643 1295 1709 mitialianum
1323 1645 1356 1708 iu

216 1751 326 1832 aliquo
354 1751 541 1816 monasterio
569 1751 708 1815 exsulem
735 1751 859 1834 degisse
887 1751 1112 1815 demonstrant.
1159 1749 1271 1814 ultima
1293 1750 1357 1832 epi-

216 1855 305 1920 stula
327 1855 416 1920 nobis
439 1860 565 1920 seruata
588 1873 606 1919 a
629 1855 743 1920 Fausto
767 1875 805 1919 er
827 1855 933 1920 exsilic
956 1872 1081 1919 reuerso
1101 1853 1216 1937 scripta
1235 1857 1293 1934 est,
1316 1855 1356 1917 ef.

215 1980 248 2044 p.
267 1957 341 2040 218,
359 1959 412 2025 16:
442 1959 553 2045 qratia
579 1959 625 2022 ud
650 1980 719 2036 uos,
748 1958 825 2022 dum
851 1957 945 2022 notu
973 1957 1011 2021 de
1033 1957 1153 2043 patria
1173 1955 1356 2034 occidimus,

215 2063 279 2147 qui
304 2061 395 2126 uobis
418 2064 568 2148 putrium
597 2063 633 2125 iu
659 2063 925 2150 perepriuutioue
947 2062 1079 2149 fecistis
1110 2067 1141 2127 et
1170 2064 1356 2127 documento

218 2172 270 2234 est
292 2167 443 2232 Faustum
466 2169 595 2233 rediisse
619 2169 657 2233 ad
680 2169 789 2232 sedem
811 2169 1019 2252 episcopalem
1042 2168 1216 2232 Reiensem.

264 2271 331 2352 Quo
354 2289 435 2337 anno
458 2276 598 2338 mortuns
622 2273 663 2337 sit
683 2273 828 2353 Faustus,
851 2291 978 2355 prorsus
1008 2274 1161 2336 incertum
1185 2275 1233 2337 est
1255 2291 1356 2354 neque

216 2378 386 2458 quicquam
412 2378 570 2442 lucramur
593 2397 628 2441 er
652 2375 805 2442 Gennadii
828 2377 866 2440 de
889 2377 1003 2441 Fausto
1026 2377 1204 2442 testimonio
1226 2375 1354 2459 (denir.

217 2481 264 2546 ill.
285 2499 312 2544 c.
329 2479 394 2566 86),
423 2482 476 2563 qui
502 2482 589 2546 dicit:
621 2480 707 2544 uiuu
733 2502 809 2544 uoce
837 2481 980 2566 eprepiua
1013 2479 1123 2543 doctor
1151 2489 1181 2543 et
1210 2479 1357 2543 creditur

216 2593 249 2648 et
272 2583 447 2670 prodatur,
475 2605 555 2668 quae
583 2586 688 2667 uerba,
717 2587 841 2650 etiamsi
867 2587 906 2650 de
933 2586 1049 2650 Fausto
1075 2586 1148 2650 uiuo
1175 2586 1258 2649 dicta
1287 2603 1355 2649 esse
1422 2643 1430 2661 ,

215 2694 361 2774 possunt,
385 2708 446 2755 non
470 2689 594 2770 debent,
619 2691 696 2754 nihil
718 2691 757 2754 ad
777 2710 843 2754 rem
864 2693 1005 2755 nostram
1024 2690 1155 2770 faciunt,
1178 2707 1249 2753 cum
1270 2692 1356 2753 cata-

214 2796 309 2878 logus
332 2793 486 2860 Gennadii
514 2812 595 2859 anuo
624 2794 690 2859 fere
712 2793 777 2858 480
803 2796 866 2859 iam
894 2795 997 2859 editus
1024 2795 1065 2858 sit
1092 2793 1146 2878 (cf.
1162 2793 1267 2874 libert,
1295 2793 1356 2858 Ge-

215 2899 357 2964 schichte
372 2899 428 2964 der
443 2898 826 2964 christlich-lateinischen
843 2899 997 2964 Literatur
1012 2899 1028 2962 Ι
1043 2897 1121 2983 427)
1137 2903 1168 2962 et
1184 2899 1355 2981 capitulum

170 3047 174 3056 -
215 3003 296 3069 illud
320 3003 356 3068 de
376 3004 493 3068 Fausto
517 3007 600 3068 uerte
625 3005 688 3069 iam
711 3004 871 3086 aliquanto
894 3005 979 3087 prius
1000 3005 1150 3085 scriptum
1169 3004 1265 3067 luisse
1284 3002 1355 3066 iude

214 3111 376 3192 appareat,
401 3108 484 3190 quod
507 3109 711 3173 additamenti
735 3109 835 3173 instar
857 3109 975 3172 urentia
1002 3109 1038 3172 lit
1061 3109 1212 3191 epistulae
1235 3108 1274 3172 ed
1297 3107 1355 3170 Fe-

213 3213 311 3278 licem
327 3231 363 3276 eu
379 3213 485 3277 exsilio
502 3212 606 3278 datae:
629 3213 762 3298 scripsit
781 3222 919 3298 postea
940 3212 986 3275 ud
1003 3211 1141 3275 Felicem
1156 3259 1164 3274 .
1177 3243 1188 3274 -.
1207 3262 1214 3275 .
1231 3212 1354 3297 epistu-

213 3314 295 3390 lam,
318 3317 362 3380 ita
377 3321 412 3381 ut
434 3318 549 3398 omnia,
573 3335 652 3400 quae
675 3322 768 3382 antea
792 3321 1033 3408 enumerauerat
1048 3317 1229 3382 Gennadius
1246 3317 1353 3380 Fausti

212 3421 343 3504 scripta,
364 3424 435 3486 ante
451 3421 593 3486 exsilium
609 3423 693 3487 edita
708 3441 776 3487 esse
798 3423 972 3487 uideantur.
998 3422 1151 3486 Faustum
1171 3423 1204 3486 in
1219 3421 1354 3504 patriam

212 3543 379 3590 reuersum
395 3542 466 3590 mon
482 3525 595 3590 obiisse
619 3527 789 3591 statuimus
811 3530 985 3609 propterea,
1008 3526 1091 3608 quod
1113 3529 1237 3609 praeter
1255 3543 1354 3609 pauca

211 3631 272 3695 illa
295 3646 314 3693 a
336 3629 425 3694 nobis
449 3629 543 3694 allata
566 3631 642 3696 nihil
666 3631 703 3695 de
726 3631 823 3715 gestis
845 3634 916 3714 post
937 3631 1073 3696 reditum
1096 3632 1247 3695 traditum
1265 3649 1353 3712 repe-

210 3735 326 3800 rimus.
363 3737 435 3818 pest
464 3751 581 3799 annum
611 3733 676 3798 500
706 3739 800 3816 certe,
831 3753 904 3799 cum
926 3734 1042 3799 Auitus
1073 3735 1239 3818 epistulam
1262 3753 1354 3816 quar·

210 3844 284 3905 tam
315 3838 399 3903 dedit
429 3839 467 3904 ad
498 3837 729 3904 Gundebadum
759 3858 881 3923 regem,
912 3858 984 3903 enm
1014 3839 1078 3904 iam
1108 3839 1226 3921 aliquot
1254 3857 1353 3904 annos

210 3946 375 4008 mortuum
394 3943 490 4008 luisse
511 3961 547 4008 ex
567 3943 672 4008 uerbis
695 3964 787 4028 quem
806 3943 904 4005 etiam
924 3941 1033 4028 pieria
1054 3952 1168 4005 uestra
1189 3954 1353 4007 uouerat

210 4049 252 4112 de
277 4047 393 4112 Fausto
416 4047 507 4112 daus
531 4051 642 4129 sponte
664 4047 868 4132 intellegitur.

258 4151 347 4216 Haeo
369 4151 433 4218 fere
450 4152 487 4216 de
503 4151 610 4216 Fausti
633 4153 699 4216 uita
720 4152 778 4218 hcc
799 4153 865 4216 loeo
883 4170 1073 4216 memorasse
1089 4153 1232 4217 sufficiat.
1270 4171 1353 4217 nuno

210 4259 252 4322 de
277 4257 345 4321 eius
368 4256 491 4340 scriptis
515 4274 655 4340 agemus,
679 4257 716 4320 dc
739 4256 852 4339 quibus
875 4255 1055 4321 Gennadius
1083 4256 1160 4321 haec
1183 4257 1278 4321 tradit
1300 4256 1352 4339 (de

208 4364 271 4427 un.
289 4361 333 4424 ru.
351 4379 376 4424 a.
395 4358 463 4443 aar:
