3100 4892
568 421 620 477 111.
638 421 791 492 Epistula
808 424 884 479 8—9.
1235 420 1297 486 211

160 615 220 662 sna
243 597 327 662 felici
349 613 386 662 ac
407 597 523 681 placita
544 597 605 663 eibi
629 598 839 682 longaeuitate
861 597 1057 679 multiplicet,
1088 597 1201 662 domne
1223 596 1300 679 piis-

159 702 239 766 sime
254 705 287 766 et
300 701 334 766 in
346 700 471 768 curun
486 719 611 767 summo
626 701 704 767 mihi
718 702 835 768 honore
851 701 1052 786 singulariter
1068 701 1232 766 excolende
1244 699 1298 766 fili.

678 945 782 1011 VIIII.

156 1105 282 1149 noumo
308 1106 548 1150 nnumcnssnro
576 1108 617 1148 ET
639 1107 721 1148 ΤΟΤΑ
744 1106 889 1148 PIETATIS
913 1107 1048 1149 illusura
1071 1106 1300 1149 circummurale

407 1193 594 1236 EXGOLENDO
616 1193 731 1235 faarai
754 1194 883 1236 annucio
906 1193 1054 1236 FAUS'PUS.
1338 1197 1351 1238 ὗ

200 1327 344 1411 Propitia
358 1327 521 1393 diuinitate
537 1327 569 1392 in
585 1331 704 1394 secreto
719 1328 877 1412 religionis
894 1345 1030 1413 congruo
1054 1331 1086 1392 et
1109 1327 1300 1410 tranquillis-

155 1432 240 1496 simo
262 1431 296 1496 in
317 1431 442 1497 silentio
464 1433 637 1512 constituti,
660 1433 692 1497 in
714 1451 776 1514 quo
795 1433 938 1498 dominus
959 1433 999 1496 ad
1013 1432 1192 1516 rubiginem
1206 1433 1301 1517 longa

154 1537 327 1602 securitate
357 1540 553 1603 crucum
582 1537 761 1602 salutiferae
784 1537 891 1602 limam
915 1537 1127 1622 castigationis
1150 1537 1299 1618 admouit,

154 1641 189 1706 in
214 1640 286 1722 hac,
308 1641 448 1724 inquam,
478 1642 581 1725 quiete
604 1659 730 1725 magna,
760 1642 788 1706 sl
811 1659 1029 1726 agnoscamus,
1060 1641 1223 1709 uacatione
1247 1642 1300 1706 do-

153 1745 226 1810 nati
255 1745 330 1810 dum
360 1763 458 1810 nouos
488 1746 572 1810 eiures
602 1746 790 1810 commercio
820 1746 957 1812 caritatis
989 1745 1193 1828 adquirimus,
1224 1747 1299 1810 dum
1327 1770 1352 1810 ro

153 1850 194 1914 de
218 1849 448 1932 adquisitorum
471 1851 572 1914 aalma
594 1851 778 1934 gaudemus,
801 1851 883 1914 iuter
906 1851 983 1916 haec
1005 1851 1098 1933 positi
1113 1850 1196 1916 bona
1210 1867 1300 1933 prae-

152 1954 241 2018 senti
263 1954 453 2018 insultamus
475 1954 567 2018 exilio
590 1958 622 2020 et
643 1955 779 2038 patriam
802 1972 858 2020 nos
882 1971 944 2019 non
966 1955 1122 2036 amisisse,
1145 1955 1200 2018 sed
1215 1972 1300 2019 com-

153 2061 301 2122 mutasse
329 2057 557 2142 cognoscimus.
603 2075 677 2122 nam
705 2058 780 2122 dum
803 2057 910 2122 fideles
933 2058 1044 2124 famuli
1066 2059 1116 2123 dei
1137 2059 1170 2122 in
1192 2075 1299 2122 neces-

152 2161 306 2227 sitatibus
329 2162 443 2226 nostris
465 2162 638 2227 bonitatem
661 2180 736 2226 suae
759 2161 932 2228 deuotionis
956 2165 1108 2244 exercent,
1136 2163 1203 2227 sine
1226 2163 1299 2228 sede

151 2266 284 2350 propria
305 2283 511 2347 possessores,
535 2267 603 2332 sine
624 2266 821 2350 possessione
844 2266 957 2331 diuites
981 2285 1100 2348 suinae,
1123 2267 1219 2332 immo
1235 2284 1298 2346 eor,
1326 2291 1351 2332 rs

151 2371 210 2454 qui
242 2369 283 2435 de
313 2373 420 2435 nostra
449 2371 587 2436 fructum
618 2370 744 2454 capiunt
773 2371 994 2452 consolatione,
1029 2372 1175 2436 mamus.
1220 2371 1299 2436 miro

151 2474 251 2540 modo
284 2474 495 2540 consolatores
530 2476 628 2572 nostm
661 2475 699 2539 de
732 2476 930 2558 pauperculis
965 2477 1165 2560 negotiantur
1195 2479 1227 2540 et
1261 2476 1299 2539 de

151 2580 266 2664 egenis
289 2579 377 2644 lucra
397 2582 548 2662 perpetua
570 2584 813 2663 consequuntur.

195 2683 271 2767 Ego
303 2687 410 2748 autem
439 2682 522 2748 hanc
550 2684 684 2767 primam
715 2683 962 2749 munificentiam
992 2685 1117 2750 domino
1147 2685 1299 2769 largiente

153 2787 295 2872 percepi,
325 2789 409 2870 quod
429 2788 589 2871 piissimus
612 2807 702 2852 meus
724 2789 867 2854 Ruricius
890 2792 961 2873 post
982 2789 1066 2854 uitae
1088 2789 1181 2854 huius
1203 2789 1300 2854 iacta·
1326 2811 1352 2853 ao

150 2893 259 2958 tiones
283 2893 323 2957 ad
344 2895 470 2976 portum
492 2892 651 2976 religionis
673 2911 798 2976 proram
822 2893 931 2958 salutis
948 2894 1060 2958 excelsi
1075 2911 1171 2958 mauu
1184 2893 1300 2977 guber-

150 3000 255 3062 nante
288 2996 451 3076 conuertit,
483 2997 564 3079 quod
586 2999 658 3081 post
680 2997 808 3062 umbras
832 2997 1046 3062 seducentium
1068 2997 1245 3062 uanitetum
1267 3000 1300 3062 et

150 3101 333 3168 inlusiones
354 3101 617 3166 ususuolantium
640 3101 833 3166 somniorum
856 3119 1004 3166 mansura
1027 3105 1058 3167 et
1072 3101 1172 3166 solida
1187 3118 1300 3166 coucu-

149 3207 237 3292 piuit
268 3208 301 3270 et
330 3205 475 3289 despecto
505 3206 632 3270 undem
662 3206 787 3270 saeculo
817 3206 1032 3271 infelicitatem
1060 3206 1126 3271 eius
1149 3223 1298 3290 magnam

150 3310 291 3395 respuit,
320 3309 503 3376 felicitatem
533 3313 565 3374 et
593 3311 717 3376 lucrum
739 3310 788 3374 sui
815 3310 853 3374 de
876 3309 993 3376 mundo
1016 3313 1165 3394 pereunte
1188 3308 1299 3392 adqui·
1324 3335 1350 3375 se

149 3416 234 3480 sinit
272 3430 370 3496 aeque
407 3413 540 3479 fideliter
575 3417 670 3496 atque
702 3413 937 3479 conlabentium
970 3433 1076 3479 rerum
1106 3415 1181 3498 fuga
1209 3431 1298 3498 prae·

149 3519 286 3600 terieus,
315 3537 377 3601 qua
406 3536 480 3602 opes
507 3521 687 3602 contemptu
711 3537 767 3583 sno
790 3519 932 3600 contulit,
963 3536 1041 3600 quae
1063 3518 1127 3584 iarn
1150 3519 1221 3582 usui
1242 3536 1298 3582 suo

198 3679 215 3734 l
236 3671 290 3729 sibi
307 3690 394 3732 om
444 3671 645 3742 lougeuitetaS
694 3673 853 3744 piissuueS
901 3675 919 3728 4
938 3672 1154 3730 deuictissirnoS
1206 3675 1222 3728 6
1238 3687 1298 3742 pro-

148 3763 229 3834 picia
248 3763 273 3818 S
324 3759 459 3830 religionis
474 3761 560 3828 S(nis
572 3777 625 3830 per
642 3761 831 3830 compendium
842 3762 993 3830 emptam),
1011 3759 1133 3828 religioni
1145 3761 1299 3816 Kresctr'rsa

148 3856 167 3910 8
191 3847 338 3906 salutifera
361 3849 384 3905 S
450 3847 544 3902 limam
570 3847 692 3902 admouit
715 3849 829 3918 Stiltinp
851 3849 868 3902 l.
885 3850 902 3903 l.
921 3851 978 3911 706,
1007 3846 1086 3901 elima
1112 3846 1252 3902 admonuit
1276 3847 1300 3902 S

148 3942 168 3996 9
186 3937 285 4008 quieta
301 3936 463 4004 Knepelaos,
481 3935 527 4003 qui
544 3937 573 3990 ot
590 3935 615 3992 S
665 3937 695 3991 ll
715 3935 830 4004 presenti
850 3935 872 3992 S
929 3937 961 3990 12
978 3934 1093 4003 patriam
1112 3935 1233 4003 Stiltiog
1251 3935 1298 4001 pat

148 4025 251 4084 m
269 4024 368 4080 llaec
384 4023 510 4080 meda
522 4023 553 4090 S,
570 4025 702 4092 pstremo
754 4024 787 4079 16
806 4021 940 4091 accipiunt
957 4039 973 4078 e
1026 4023 1058 4077 17
1077 4018 1247 4076 consolatoris
1260 4020 1283 4075 S
1289 4021 1297 4054 ¹

150 4109 335 4182 negociantur
352 4111 377 4168 S
426 4111 461 4166 20
477 4108 629 4164 iactationis
647 4109 671 4166 S
721 4111 755 4164 22
773 4109 896 4164 uaniturn
915 4109 939 4166 S
994 4109 1027 4164 24
1047 4107 1164 4176 dispecto
1183 4108 1207 4163 S
1256 4105 1297 4160 in·

149 4196 329 4266 felicitatem]
346 4195 447 4251 infelici
464 4199 584 4253 artemo
647 4197 680 4252 25
698 4195 801 4266 respuit
818 4197 979 4263 Kncctue,
998 4194 1087 4263 rapuit
1107 4195 1129 4250 S
1196 4190 1297 4261 1111191101-

148 4290 244 4342 tatem
257 4284 283 4340 S
331 4282 518 4352 adquesiuitS
567 4284 602 4338 26
619 4297 702 4350 aeque
719 4284 825 4353 samri,
844 4297 902 4338 ecce
915 4283 945 4352 S,
963 4284 1019 4336 arte
1031 4299 1055 4350 o,
1071 4296 1136 4351 pace
1147 4280 1298 4337 Momasson

149 4370 516 4441 fidelitermipmlideliS
552 4369 734 4439 preteriensS
770 4373 804 4426 27
818 4370 992 4426 contemtuS
1023 4367 1201 4440 namacipos',
1214 4369 1300 4428 ueuS

564 4473 568 4482 ·
1094 4456 1141 4514 14·
