3100 4892
252 440 295 503 22
716 440 736 493 I.
756 440 800 492 De
818 440 927 508 gratia

252 616 367 697 putari,
391 617 471 679 sieut
493 616 646 679 habemus
668 616 702 679 in
726 616 906 701 euangelio:
931 617 1138 698 operamini
1161 634 1231 680 non
1255 616 1391 695 cibum,

253 720 314 801 qui
340 721 452 803 perit,
480 720 544 783 sed
571 720 632 802 qui
661 724 856 801 permanet
886 722 922 783 in
953 721 1068 784 uitam
1099 723 1308 801 aeternam,
1339 721 1390 784 ubi

252 824 351 903 cibus
373 824 405 887 id
428 827 477 887 est
498 824 674 888 intellectus
701 824 824 888 litterae
846 824 957 907 perire,
988 823 1077 888 cibus
1103 842 1178 888 uero
1205 825 1335 907 gratiae,
1362 825 1390 888 id

253 933 301 992 est
322 928 398 991 fides
420 946 604 1011 permanere
628 927 823 993 describitur.
852 933 883 991 et
905 929 949 991 ita
972 929 1171 992 continuatus
1195 947 1297 993 sermo
1321 948 1392 993 con-

214 1034 407 1114 asequitnr:
440 1032 614 1097 dixerunt
643 1034 688 1096 ad
718 1052 798 1096 eum
830 1032 975 1097 Iudaei:
1007 1032 1095 1114 qnid
1124 1034 1323 1112 faciemus
1355 1036 1393 1095 ut

253 1155 445 1218 operemur
468 1155 579 1219 opera
602 1136 682 1200 dei?
705 1137 904 1220 respondit
927 1137 1032 1201 Iesus
1056 1142 1092 1201 et
1114 1136 1208 1201 dixit
1231 1138 1301 1201 eis:
1326 1137 1393 1201 hoc

253 1246 310 1305 est
332 1260 422 1324 opus
446 1241 518 1321 dei,
540 1245 581 1304 ut
603 1240 768 1304 credatis
792 1242 829 1305 in
854 1260 949 1320 eum,
973 1260 1079 1322 quern
1104 1241 1208 1305 misit
1230 1241 1306 1305 ille.
1340 1242 1392 1305 ad-

253 1346 360 1425 uertis,
384 1345 456 1427 quia
479 1345 557 1409 nihil
584 1346 617 1409 in
639 1345 795 1409 famulatu
819 1344 867 1408 dei
892 1346 959 1409 sine
988 1362 1081 1427 opere
1111 1346 1239 1428 geritur,
1271 1346 1392 1427 quando

254 1454 284 1513 et
307 1449 345 1529 is,
368 1450 422 1531 qui
445 1450 570 1513 credere
593 1450 725 1528 uidetur,
748 1452 920 1532 operatur?
954 1449 1031 1512 item
1047 1450 1079 1512 in
1096 1450 1252 1531 apostolo:
1277 1468 1393 1531 nequa

203 1569 228 1606 ¹0
254 1554 491 1618 circumcisio
515 1553 658 1635 aliquid
680 1553 783 1617 ualet
799 1572 915 1635 neque
932 1554 1184 1637 praeputium,
1205 1554 1268 1619 sed
1284 1554 1393 1634 fides,

253 1676 345 1739 quae
368 1678 431 1741 per
453 1658 651 1721 caritatem
673 1662 861 1740 operatur.
897 1658 1042 1721 similiter
1070 1662 1102 1721 et
1129 1657 1167 1721 ad
1195 1658 1394 1722 Thessaloni-

254 1780 362 1825 censes
396 1761 580 1843 [secunda]:
612 1762 789 1845 dignetur
817 1780 882 1825 nos
913 1763 1112 1825 uocatione
1142 1780 1208 1826 sua
1238 1763 1328 1826 deus
1359 1766 1394 1825 et

254 1867 412 1947 impleat
434 1884 578 1929 omnem
602 1865 839 1929 uoluntatem
861 1864 1047 1930 bonitatis
1071 1869 1106 1929 et
1129 1884 1219 1949 opus
1242 1866 1334 1930 fidei
1357 1867 1394 1930 in

254 1970 375 2050 nobie,
406 1974 438 2033 et
467 1971 505 2033 de
534 1970 697 2034 Abrabam
727 1973 760 2033 in
792 1970 923 2052 epistola
953 1971 1084 2054 apostoli
1114 1969 1237 2034 Iacobi:
1272 1971 1394 2051 uides,

203 2088 227 2125 ¹⁵
254 2074 341 2156 quia
364 2074 459 2138 fides
483 2073 758 2157 cooperabatur
781 2074 956 2157 operibus
980 2074 1086 2137 illius
1111 2077 1201 2138 etex
1218 2074 1394 2157 operibus

206 2205 209 2211 ·
254 2179 351 2242 lidos
379 2184 637 2243 consummata
664 2181 730 2243 est.
767 2180 930 2262 geminum
961 2179 1011 2242 hic
1041 2178 1178 2242 officium
1208 2197 1394 2262 recognosce

254 2286 286 2346 et
309 2283 496 2365 operationis
519 2286 551 2346 et
573 2282 654 2345 fidei.
685 2284 822 2365 gratia,
845 2283 958 2364 inquit,
982 2283 1079 2346 salui
1101 2282 1194 2346 facti
1217 2284 1308 2347 estis
1331 2302 1395 2366 par

254 2387 378 2451 fidem.
415 2387 518 2470 prima
540 2388 644 2469 itaque
668 2387 789 2451 necatio
813 2386 985 2469 conpendia
1007 2385 1078 2449 fidei
1101 2386 1231 2473 requirit
1254 2404 1273 2450 a
1295 2386 1395 2465 nobis,

255 2491 412 2571 sequentis
435 2508 510 2554 nero
533 2490 682 2570 temporis
705 2490 808 2573 gratia
830 2490 1000 2572 redemptis
1024 2490 1141 2553 ablutis
1165 2489 1322 2553 innouatis
1346 2510 1395 2553 se-

201 2609 229 2646 20
255 2594 419 2658 dulitatem
441 2595 542 2676 operis
566 2599 598 2658 et
619 2612 725 2657 curam
749 2594 922 2657 laboriosae
943 2594 1104 2657 seruitutis
1120 2594 1238 2673 indicit,
1262 2597 1296 2657 ut
1312 2594 1393 2675 quod

255 2699 321 2761 sino
341 2696 447 2761 labore
464 2698 640 2779 accepimus
656 2698 827 2779 opitulante
843 2698 994 2761 adiutorio
1019 2716 1091 2761 cum
1110 2696 1216 2761 labore
1232 2716 1395 2761 seruemns

254 2803 394 2884 apostolo
410 2804 643 2865 commonente:
663 2801 803 2881 uidete,
820 2802 932 2883 inquit,
949 2820 992 2865 ne
1009 2802 1044 2865 in
1060 2820 1217 2865 uacuum
1232 2802 1394 2884 gratiam

255 2906 313 2969 dei
335 2906 540 2988 recipiatis.
578 2924 713 2989 agnosce
740 2906 905 2969 distinctos
934 2924 1002 2969 esse
1029 2904 1144 2989 gradus
1168 2905 1341 2969 necationis
1365 2909 1396 2968 et

255 3009 544 3073 consummationis.
583 3009 678 3073 fidem
705 3013 849 3091 expectat
871 3028 890 3073 a
911 3010 1062 3091 paruulis,
1085 3027 1179 3091 opera
1202 3008 1297 3073 etiam
1321 3028 1394 3072 cunr

202 3129 228 3168 ²⁵
255 3113 316 3176 tide
339 3132 357 3176 a
380 3114 572 3177 confirmatis
595 3114 724 3196 requirit
745 3115 791 3177 ita
813 3118 930 3193 tamen,
960 3118 996 3177 ut
1026 3113 1219 3177 credulitatis
1247 3112 1396 3176 affectum

255 3216 488 3300 proficientibus
505 3222 618 3301 augeat
640 3222 671 3282 et
693 3218 908 3282 laborantibus
929 3218 1050 3281 adiutor
1066 3217 1238 3281 cotidianus
1254 3217 1396 3281 adsistat.

362 3468 388 3537 1]
401 3468 493 3521 Ioann.
504 3471 580 3531 6‚27.
622 3468 882 3535 5110ann.6,28sq.
927 3466 955 3535 9]
970 3466 1027 3522 Gal.
1039 3470 1094 3531 5,6.
1138 3466 1396 3535 12]2Thess.1‚r1.

258 3555 302 3623 rr]
321 3555 373 3607 raa.
393 3558 417 3619 2,
431 3557 471 3609 aa.
527 3555 571 3623 17]
591 3554 687 3623 Ephes.
706 3556 730 3619 a,
744 3557 768 3610 e.
817 3554 868 3622 aa]
887 3556 904 3608 a
923 3552 982 3608 cor.
1002 3556 1026 3617 o.
1039 3557 1061 3609 1.

300 3731 437 3839 2peri¹P
492 3770 684 3825 ddiseribitur
702 3772 729 3823 P
786 3770 862 3825 9his
882 3771 909 3824 P
949 3778 1014 3840 post
1032 3771 1138 3824 credere
1156 3772 1257 3827 harno
1269 3778 1400 3841 qrtattuor

255 3862 312 3927 fere
334 3860 485 3912 litterarum
507 3863 600 3923 castet,
627 3858 705 3912 cuias
733 3859 791 3913 loco
814 3858 879 3912 olim
902 3856 929 3909 in
948 3856 994 3910 dria
1016 3859 1148 3927 scriptum
1169 3859 1399 3925 subsecundans

259 3949 291 4000 10
309 3961 410 4012 nequae
429 3946 456 3997 P
503 3946 532 3998 ll
552 3943 750 3996 tosalonioensis
763 3944 791 3997 Ι)
837 3946 869 3997 12
888 3944 1004 3997 secunda
1021 3945 1294 4011 anastasianam
1307 3951 1400 4012 apere

256 4033 291 4085 sit
309 4048 436 4084 orreorcrus
454 4032 490 4084 11
505 4049 537 4085 eac
555 4032 677 4100 nrorpioc
695 4032 747 4085 bac
764 4031 886 4085 inomaus
941 4032 972 4085 13
990 4030 1067 4083 fidaei
1086 4031 1114 4083 P
1163 4034 1192 4085 14
1212 4029 1358 4083 habraham
1374 4032 1401 4083 P

259 4119 290 4173 17
308 4117 400 4184 inquid
421 4118 448 4170 P
501 4120 533 4171 18
551 4116 696 4184 itaquael’
759 4116 980 4186 compendiumo
1044 4120 1078 4171 23
1096 4132 1205 4170 aenosce
1224 4117 1251 4170 P
1302 4118 1334 4171 24
1355 4132 1399 4169 ex-

257 4209 364 4280 pectata
381 4204 409 4261 P
