3100 4892
230 342 293 407 248
679 343 744 397 1111.
764 343 873 396 Sermo
892 349 916 398 7.

231 519 391 583 dominum
422 537 483 584 non
515 524 581 584 tam
610 521 731 584 lanauit
761 519 845 584 unda
874 539 969 603 quam
999 522 1064 586 lota
1094 526 1151 586 est.
1198 520 1255 584 tibi
1288 521 1371 584 enim

231 623 375 688 Christus
392 625 547 689 nascendo
564 624 701 705 aduenit,
726 623 783 689 tibi
798 625 933 689 uiuendo
956 625 1114 706 militamt,
1137 625 1194 691 tibi
1210 625 1370 690 moriendo

230 728 375 793 conflixit.
415 747 509 811 quem
529 729 617 793 uides
639 747 695 811 pro
718 733 750 793 te
773 733 944 810 mortuum,
967 748 1022 813 pro
1045 733 1077 794 te
1099 731 1247 814 intellege
1270 729 1371 812 bapti·

230 837 343 898 zatum.
394 834 499 915 itaque
523 832 665 898 Christus
689 833 834 897 dominus
858 834 958 916 qualis
985 838 1057 916 post
1083 833 1277 916 baptismum
1299 833 1370 897 talis

190 963 203 1004 s
230 938 356 1003 omnino
374 937 468 1002 ctiam
484 942 558 1003 ante
579 937 775 1020 baptismum
797 938 866 1001 fnit.
899 942 931 1002 et
951 939 1021 1003 ideo
1043 956 1226 1022 praecursor
1241 938 1311 1003 eius
1326 941 1371 1002 at

227 1061 288 1124 que
310 1041 451 1125 baptista
471 1043 525 1122 ita,
550 1060 622 1106 oum
638 1043 677 1106 ad
701 1061 773 1106 eum
796 1041 1005 1125 baptizandus
1029 1043 1161 1123 ueniret,
1184 1043 1368 1126 alloquitur:

229 1165 309 1230 ego,
333 1147 497 1227 domine,
525 1151 600 1211 ate
623 1146 810 1229 baptizari
832 1147 947 1213 debeo
971 1150 1007 1212 et
1034 1151 1073 1212 tu
1096 1148 1203 1212 uenis
1226 1148 1271 1212 ad
1294 1149 1370 1211 me?

229 1251 302 1333 quid
334 1251 509 1316 euidentius
540 1251 578 1314 de
609 1250 726 1316 Christi
756 1252 895 1316 nondum
928 1251 1080 1333 baptizati
1110 1252 1260 1335 puritate,
1296 1250 1371 1332 quid

226 1356 358 1420 fortius?
397 1374 454 1440 ego
478 1373 497 1419 a
519 1359 550 1419 te
573 1355 669 1420 debeo
699 1355 861 1438 baptizari,
891 1355 1005 1436 idest,
1036 1356 1088 1438 qui
1117 1357 1187 1420 fons
1218 1374 1251 1420 es
1283 1357 1372 1420 inno·

176 1485 201 1524 ιο
227 1461 348 1526 centias
371 1463 404 1524 et
426 1459 585 1542 plenitudo
608 1459 754 1540 iustitiae,
778 1461 831 1541 qui
853 1459 940 1524 nullo
962 1460 1107 1543 indigens
1123 1460 1196 1523 dare
1220 1459 1294 1539 sois,
1318 1479 1372 1524 ne-

228 1565 288 1628 seis
320 1565 468 1647 accipere,
500 1581 567 1648 ego,
597 1564 710 1646 inquit,
741 1581 760 1627 a
789 1567 820 1627 te
851 1564 949 1628 debeo
972 1563 1133 1647 baptizari,
1163 1563 1238 1644 quia
1266 1567 1372 1628 mcum

228 1668 356 1733 exhibes
391 1671 423 1732 et
455 1669 487 1732 in
521 1671 553 1731 to
586 1667 726 1750 possides
760 1667 907 1751 puritatis
941 1685 1072 1731 munera
1105 1671 1137 1731 et
1169 1666 1371 1750 baptismatis

230 1775 427 1838 sacramenta
450 1777 490 1853 et,
513 1771 597 1855 quod
620 1791 677 1855 ego
692 1772 773 1836 dabo
796 1776 827 1837 te
850 1772 1003 1856 largiente
1025 1773 1242 1856 pergratiam,
1265 1776 1301 1835 tn
1316 1771 1372 1837 ob

229 1877 311 1942 tines
338 1895 393 1960 per
416 1880 572 1941 naturam.
618 1879 776 1940 creaturae
804 1877 925 1941 interea
950 1875 988 1941 fit
1009 1877 1177 1960 profectus.
1222 1876 1370 1941 creatoris

180 2005 203 2044 rs
233 1981 358 2046 adtactu
389 1980 532 2045 membre
558 1981 721 2064 tinguntur
753 1984 786 2044 et
814 1979 932 2044 fluenta
962 1980 1107 2046 ditentur.
1147 1980 1237 2045 uitali
1267 1980 1372 2064 gratia

229 2104 291 2150 non
315 2103 426 2169 eorpus
450 2105 485 2149 ax
508 2083 647 2165 flumine,
676 2085 731 2149 sed
761 2084 879 2149 flumen
903 2088 1044 2149 mutatur
1074 2103 1110 2149 ex
1140 2103 1277 2168 corpore.
1317 2085 1370 2148 de-

230 2190 379 2254 scendere
409 2190 442 2254 in
475 2208 508 2252 se
542 2190 661 2254 iontem
697 2207 789 2253 sunm
823 2190 897 2254 felin
931 2190 1016 2254 unda
1049 2190 1179 2254 miratur
1213 2190 1272 2255 sub
1309 2207 1369 2254 uno

230 2298 390 2359 momento
413 2297 542 2358 aeterna
568 2294 707 2357 remedia
729 2293 907 2377 concipiens
935 2298 967 2358 et
990 2294 1168 2359 nouandam
1194 2294 1369 2378 generatio·

229 2417 301 2462 nem
325 2398 516 2463 fecunditate
542 2398 729 2481 parturiens,
761 2399 843 2480 qnod
874 2401 1045 2482 acceperat,
1075 2399 1135 2463 hoc
1164 2398 1299 2463 reddens
1329 2401 1367 2478 et,

178 2529 203 2568 so
230 2503 312 2585 quod
334 2521 396 2568 non
419 2503 568 2583 habebat,
592 2501 753 2586 accipiens.

273 2607 360 2671 Inter
390 2608 467 2671 haec
500 2607 614 2671 mnnm
646 2612 743 2686 esset,
781 2607 862 2688 qnod
891 2627 924 2670 se
951 2608 1095 2673 dominns
1123 2607 1205 2672 serui
1235 2606 1371 2672 subdidit

231 2712 448 2792 benedictioni,
476 2711 536 2776 nisi
563 2712 646 2776 cruci
668 2708 729 2794 (se)
752 2710 943 2776 subdidisset
969 2715 1000 2775 et
1027 2711 1128 2777 morti.
1174 2716 1208 2776 et
1228 2711 1281 2775 ille
1304 2711 1370 2792 qui·

231 2816 302 2880 dem
329 2816 500 2898 pretiosum
528 2814 589 2879 sibi
611 2815 772 2880 hominem
796 2833 864 2880 esse
890 2816 982 2899 pretii
1008 2815 1106 2898 ipsius
1129 2815 1280 2898 dignitate
1301 2833 1370 2896 per·

231 2919 343 2984 docuit.
390 2920 444 2984 sed
466 2920 541 2984 hinc
563 2937 686 3002 quoque
708 2920 929 3003 intellegimus,
958 2937 1052 3002 quam
1075 2919 1209 3004 grandes
1233 2919 1316 3002 apud
1337 2937 1370 2982 so

180 3050 205 3090 ra
234 3023 379 3088 aestimet
402 3024 547 3089 dominus
571 3028 677 3088 noster
699 3023 908 3088 humanorum
924 3024 1089 3088 eriminum
1103 3041 1225 3104 causas,
1248 3027 1371 3107 propter

336 3223 364 3293 7]
384 3223 519 3287 Malous,
534 3225 573 3278 14.

277 3396 436 3454 3confloxit
455 3398 483 3451 D
554 3396 693 3450 mortnb'rir
712 3397 741 3450 D
804 3411 852 3464 pro
870 3398 897 3448 te
915 3413 949 3450 ax
965 3399 1074 3464 propter
1092 3396 1122 3450 D
1191 3394 1329 3450 babtizati
1344 3396 1373 3450 D

232 3471 453 3552 litoque-post
470 3483 635 3552 baptismum
653 3502 704 3538 om.
717 3484 796 3538 Mam.
809 3484 881 3554 Aug.
952 3480 1116 3536 babtismum
1139 3483 1169 3536 D
1185 3489 1298 3553 utroque
1315 3484 1371 3538 loco

233 3575 427 3641 5praocnrsor
449 3570 505 3624 eius
524 3571 601 3626 Man.
620 3573 702 3640 Aup,
723 3572 878 3641 poursorem
900 3570 930 3624 D
987 3569 1139 3625 6bsbtiete
1156 3570 1186 3624 D
1242 3569 1293 3638 ita]
1311 3585 1371 3622 eum

232 3659 296 3713 add.
317 3659 392 3712 Mure.
413 3659 484 3728 Aeg.
538 3656 713 3711 babtizandds
731 3658 761 3712 D
777 3657 808 3723 (“
827 3659 945 3725 mamm)
1006 3656 1170 3710 lbabtizari
1188 3658 1219 3711 D
1274 3655 1372 3713 8bab·

232 3745 307 3798 tizeti
326 3745 356 3798 D
424 3743 591 3800 9babtiaari
615 3746 643 3798 D
712 3744 741 3798 id
759 3747 800 3798 est
816 3762 952 3814 oroprascr.
966 3744 995 3797 D
1011 3762 1098 3814 supra
1115 3761 1249 3812 mam,
1271 3745 1304 3798 iot
1320 3761 1373 3812 prro

233 3837 291 3886 erat
308 3830 425 3900 puritate
482 3833 512 3885 11
532 3830 626 3899 inquid
644 3832 673 3885 D
733 3830 861 3885 babtizati
880 3831 909 3884 D
967 3832 999 3886 12
1017 3829 1104 3883 exibes
1123 3831 1153 3884 D
1208 3829 1328 3898 possedis
1345 3829 1374 3884 D

233 3917 402 3972 babtismatis
421 3918 451 3971 D
516 3919 547 3972 13
565 3915 685 3986 largente
703 3919 732 3972 D
798 3920 830 3972 15
849 3917 972 3970 adtactus
991 3918 1019 3970 D
1083 3915 1306 3985 uitali-corpore
1323 3934 1373 3971 om.

234 4006 312 4060 Mas.
375 4002 483 4057 uitalem
511 4003 626 4072 gratiam
649 4005 719 4074 Aug.
784 4008 816 4060 16
835 4006 975 4057 mutuatur
992 4005 1064 4074 Aug.
1124 4004 1156 4057 17
1176 4001 1328 4056 distendere
1346 4003 1374 4057 D

234 4085 303 4184 ΞΗ)
356 4119 388 4173 18
407 4121 498 4170 eterna
515 4117 544 4170 D
597 4132 666 4170 noua
689 4115 768 4170 deum
791 4114 998 4185 regenerationis
1019 4115 1183 4169 fecunditate
1206 4117 1284 4170 Man.
1302 4116 1373 4184 Auo.

237 4205 269 4259 19
292 4204 423 4273 acciperat
441 4204 471 4258 D
531 4206 565 4260 20
583 4203 722 4271 ωοίριιιῖιιε
740 4204 770 4258 D
833 4206 867 4258 22
885 4202 1069 4258 benedictione
1087 4204 1117 4260 D
1169 4219 1247 4256 cruce
1265 4203 1295 4257 D
1347 4217 1373 4254 se

236 4309 287 4348 om.
300 4291 330 4347 D
382 4289 507 4348 subdedis
526 4289 572 4349 sed
591 4291 620 4350 D
672 4292 705 4349 25
725 4291 845 4348 cremina
862 4292 892 4349 1)
