3100 4892
252 399 313 464 154
627 398 664 453 11.
684 399 728 452 Dc
746 399 869 467 spiritu
888 402 1000 452 sancto

250 575 306 637 dei
335 576 491 656 loquens
519 574 612 638 dicit
641 575 841 639 anathema
862 574 958 638 Iesu.
997 577 1032 638 ct
1053 590 1158 637 nemo
1180 577 1308 656 potest
1336 572 1386 636 di-

249 698 330 742 cere
350 678 518 743 dominus
534 679 640 743 Iesus
664 680 736 744 nisi
756 680 792 743 in
813 679 947 761 spiritu
969 681 1107 743 sancto.
1147 677 1284 756 aduerte,
1310 695 1387 759 quo-

248 783 340 848 modo
370 783 421 846 hic
451 783 596 866 spiritum
626 783 676 847 dci
697 775 850 868 ¹spiritum
881 786 1026 848 sanctum
1057 800 1125 846 esse
1152 779 1386 846 absolutissime

249 888 433 971 designauit.
458 888 496 951 de
519 887 630 971 spiritu
653 892 771 968 sancto,
794 905 887 970 quem
904 886 1055 970 superiori
1071 885 1226 950 sententia
1240 885 1386 968 spiritum

209 1020 222 1056 5
249 992 402 1074 deiloqui
424 993 595 1076 proposuit,
617 993 768 1076 perspice,
791 1009 871 1074 quae
894 993 1077 1073 sequuntur,
1101 1007 1196 1071 quam
1218 988 1387 1053 manifesta

247 1097 337 1160 illurn
360 1096 454 1161 deum
477 1099 508 1161 et
534 1096 696 1161 dominum
723 1115 792 1161 esse
819 1099 988 1161 testantur:
1024 1094 1243 1174 diuisiones,
1274 1093 1388 1176 inquit,

247 1202 454 1285 gratiarnm
484 1203 584 1282 sunt,
618 1201 713 1266 idem
748 1205 872 1266 autem
903 1200 1074 1283 spiritus,
1109 1201 1145 1263 et
1177 1198 1388 1262 diuisiones

248 1306 569 1370 ministrationum
599 1309 700 1386 sunt,
726 1306 826 1371 idem
858 1309 980 1369 autem
1011 1303 1195 1383 dominuS,
1231 1305 1266 1366 et
1296 1301 1389 1366 diui·

249 1411 373 1474 siones
396 1411 655 1493 operationum
679 1414 780 1491 suut,
811 1410 905 1474 idem
936 1412 1060 1473 autern
1087 1407 1185 1471 deus.
1224 1409 1388 1488 tamqnam

198 1539 223 1577 ιο
249 1515 275 1576 si
306 1512 417 1578 beatus
447 1515 604 1596 apostolus
635 1515 672 1578 de
703 1515 830 1597 spiritus
858 1513 958 1578 saneti
984 1513 1148 1577 diuinitate
1176 1511 1287 1576 fuisset
1314 1529 1390 1575 eon-

249 1618 361 1699 sultns,
385 1619 553 1699 euidenter,
584 1620 622 1683 de
645 1636 704 1700 quo
728 1618 858 1682 dixerat:
889 1617 984 1682 idem
1008 1617 1182 1700 spiritus,
1213 1615 1250 1678 de
1274 1631 1310 1678 co
1334 1615 1391 1679 ad-

249 1721 309 1786 dit:
332 1722 428 1787 idem
449 1723 552 1804 deus,
574 1723 635 1807 qui
655 1726 832 1806 operatur
852 1722 976 1786 omnia
995 1722 1032 1785 in
1052 1719 1233 1785 omnibus.
1267 1719 1390 1802 operari

249 1828 355 1890 omnia
383 1846 445 1891 non
475 1830 590 1911 posset,
621 1828 647 1892 si
678 1831 761 1891 esset
789 1845 871 1890 unus
903 1845 939 1890 cr
969 1824 1122 1891 omuibus.
1161 1823 1213 1888 hio
1243 1824 1391 1905 spiritum

249 1935 392 1994 sanctum
416 1934 482 1995 tam
505 1932 537 1996 in
560 1949 616 1995 suo
640 1932 764 1996 nomine
787 1949 883 2013 quam
906 1931 938 1994 in
961 1929 1086 1994 domiuo
1110 1931 1141 1992 ct
1161 1929 1217 1991 deo
1235 1931 1290 1992 aut
1305 1931 1391 1992 certe

198 2060 222 2098 15
249 2036 408 2100 euidenter
431 2054 612 2119 expressum
636 2039 690 2099 aut
711 2040 795 2100 certe
817 2035 951 2099 trinitati
974 2052 1107 2118 agnosce
1128 2033 1291 2098 sociatum.
1332 2032 1391 2096 sed

248 2140 298 2203 hic
331 2140 363 2204 in
393 2140 545 2205 donorum
575 2140 780 2207 diuisionibus
812 2139 913 2223 magis
944 2156 1046 2203 sermo
1080 2137 1204 2201 diuinus
1239 2135 1390 2219 spiritum

249 2248 393 2309 sanctum
423 2245 614 2329 intellegitur
644 2244 835 2328 designasse,
866 2245 938 2325 quia
968 2243 1110 2326 superius
1142 2239 1312 2323 accipimus
1344 2240 1391 2304 di-

249 2347 472 2413 stributionum
493 2349 628 2432 gratiam
651 2348 774 2431 spiritui
791 2351 898 2412 sancto
914 2347 1041 2430 speciali
1056 2344 1285 2429 dispensatione
1302 2363 1392 2408 com·

248 2457 362 2535 petere.
387 2454 469 2535 quod
491 2471 566 2517 uero
589 2453 678 2542 dixit:
709 2453 793 2516 idem
816 2452 970 2532 dominuS,
1000 2450 1083 2514 idem
1107 2453 1212 2513 autem
1235 2448 1325 2529 deuS,
1356 2449 1390 2512 iu

90 2650 92 2653 Ι
196 2582 222 2620 20
249 2558 391 2639 sequenti
414 2558 548 2640 capitulo
571 2558 610 2621 ad
630 2557 776 2639 spiritum
792 2559 936 2621 sanetum
951 2555 1089 2620 ostendit
1104 2573 1173 2618 esse
1188 2553 1392 2618 referendum

249 2661 370 2726 dicens:
387 2662 454 2726 alii
469 2663 616 2743 quidem
632 2680 696 2745 per
711 2661 886 2746 spiritum
901 2660 1009 2723 datur
1025 2676 1144 2723 sermo
1161 2657 1391 2741 sapientiae,

249 2765 315 2829 alii
330 2784 449 2830 sermo
465 2765 647 2830 scientiae
664 2765 865 2830 secundum
885 2764 1040 2828 cundem
1061 2762 1252 2846 spiritum,
1276 2761 1391 2826 alteri

248 2869 343 2934 fides
366 2870 403 2934 in
427 2871 553 2934 eodem
576 2870 726 2952 spiritu,
749 2869 861 2933 alteri
883 2869 1006 2952 gratia
1029 2868 1232 2931 sanitatum
1255 2866 1292 2928 iu
1317 2884 1391 2930 uno

250 2974 400 3056 spiritu,
434 2974 502 3038 alii
535 2974 704 3057 operatio
737 2974 937 3052 uirtutum,
972 2971 1036 3036 alii
1070 2969 1282 3054 prophetia,
1323 2970 1392 3034 alii

197 3101 223 3141 aa
249 3078 425 3142 discretio
449 3078 664 3160 spirituum,
688 3078 753 3141 atii
775 3095 912 3160 genera
933 3076 1161 3159 linguarum,
1184 3073 1249 3138 alii
1272 3074 1393 3163 interf

249 3183 412 3265 pretatio
436 3200 655 3247 sermonum.
691 3182 781 3246 haec
804 3187 927 3246 autem
951 3181 1072 3244 omnia
1094 3182 1268 3262 operatur
1291 3158 1393 3243 nn'u's

250 3291 361 3369 atque
380 3288 477 3352 idem
497 3288 653 3370 spiritus
675 3286 847 3350 diuidens
869 3284 1031 3368 singulis
1051 3286 1162 3367 prout
1181 3283 1273 3346 uult.
1310 3285 1393 3349 nulli

249 3391 403 3473 subditus,
427 3392 481 3456 sed
503 3391 646 3456 caelestis
669 3395 718 3455 est
739 3391 893 3470 dominuS,
917 3390 969 3471 qui
992 3389 1072 3453 dona
1094 3388 1241 3452 caelestia
1263 3388 1395 3471 propria

249 3496 410 3560 uoluntate
433 3500 464 3560 et
486 3495 524 3560 de
546 3497 704 3578 potentiae
727 3512 802 3559 suae
825 3495 891 3559 iure
913 3494 1054 3577 largitur.

353 3729 580 3799 6]1Cor.12‚4.
635 3729 679 3798 12]
700 3727 787 3785 leon.
802 3731 842 3793 12,
855 3731 879 3783 a.
933 3726 979 3796 ar]
999 3725 1085 3783 reor.
1101 3729 1140 3790 12,
1154 3730 1177 3783 a.
1292 3690 1296 3699 ⁶

292 3951 308 4004 2
327 3945 493 4016 quodomodo
512 3948 540 4002 P
590 3945 657 4000 4de
680 3963 730 4001 om.
749 3965 765 4001 o
786 3953 811 4000 et
828 3945 892 4000 add.
911 3951 974 4000 autc
992 3943 1121 4012 superiori
1175 3947 1191 3998 5
1213 3943 1354 4012 perspicue
1379 3963 1395 4000 a

249 4078 315 4130 quae
333 4079 420 4116 omo
472 4025 719 4114 81111111111111111ι
734 4059 762 4113 R
777 4058 836 4124 (nm
854 4057 998 4124 monuit.)
1055 4059 1119 4110 sunt
1137 4073 1187 4112 om.
1207 4055 1235 4110 P
1290 4058 1394 4111 9sunt

249 4192 300 4231 om.
319 4175 346 4227 P
409 4171 461 4224 ors
479 4172 505 4226 n
564 4175 595 4227 ro
613 4171 709 4240 spiritu
727 4171 763 4240 a,
783 4138 918 4239 spu'rrs
936 4171 1091 4236 maeret)
1163 4169 1195 4223 12
1212 4135 1285 4236 oppii
1305 4169 1394 4234 Poe

250 4278 321 4315 mon.
335 4261 395 4326 att.)
458 4262 489 4313 14
507 4261 622 4313 cdemm
639 4258 668 4310 in
686 4276 772 4312 omo
827 4259 857 4311 11
878 4256 1044 4328 intelligetur
1061 4257 1088 4311 R
1142 4258 1175 4311 19
1193 4255 1346 4325 insequenti
1365 4257 1394 4312 11

250 4349 285 4407 22
303 4345 460 4416 secundum]
479 4345 541 4405 ino
593 4348 627 4405 28
646 4344 804 4403 subditura
