3100 4892
203 419 256 472 XII
297 419 298 422 ’
646 421 888 489 Prolegomsna.

249 593 392 657 Faustus
408 617 446 657 en
462 594 576 658 abbate
592 595 776 658 Lerinensis
792 596 983 659 monasterii
998 595 1091 680 apud
1105 595 1242 682 Repium
1260 595 1336 660 Gal·

203 695 268 760 iiae
290 698 471 782 episcopus,
494 697 552 761 uir
574 698 611 760 in
635 697 762 762 diuinis
785 699 963 785 scripturis
986 700 1067 763 satis
1090 699 1244 778 intentus,

247 801 297 887 (1)
311 824 349 866 eu
361 801 538 866 traditione
549 801 686 888 symboli
702 804 865 868 occasione
880 813 1011 889 accepta
1025 805 1201 889 composuit
1215 803 1337 868 librum

203 905 240 970 de
263 907 388 992 spiritu
414 917 533 991 sancto,
562 908 598 970 in
625 929 685 992 quo
709 907 848 972 ostendit
870 931 941 972 eum
964 909 1061 972 iunta
1080 907 1181 992 fidem
1199 919 1336 994 patrum

202 1021 231 1074 et
248 1011 552 1076 consubstantialem
572 1022 601 1076 et
616 1001 846 1077 coaeternalem
861 1035 924 1077 esse
941 1014 1037 1099 patri
1053 1012 1165 1097 etfllio
1182 1036 1220 1078 ac
1231 1012 1337 1100 pleni-

203 1116 349 1180 tudinem
372 1117 534 1180 trinitatis
557 1115 754 1180 obtinentem.

247 1221 297 1306 (2)
323 1220 427 1284 edidit
449 1243 570 1306 quoque
593 1243 674 1307 opus
702 1222 863 1309 synoplum
890 1222 928 1286 de
953 1223 1065 1310 pratia
1094 1223 1156 1300 dei,
1184 1245 1249 1309 qua
1270 1223 1335 1286 sal·

202 1346 333 1408 uantur,
362 1325 397 1388 in
425 1347 485 1410 quo
513 1347 608 1411 opere
638 1324 725 1390 docet
752 1326 895 1412 qratiam
919 1326 972 1390 dei
994 1349 1116 1412 semper
1138 1337 1167 1390 et
1189 1327 1335 1390 inuitare

202 1439 230 1492 et
249 1429 442 1514 praecedere
469 1439 497 1494 et
521 1429 687 1494 adiuuare
715 1429 919 1494 uoluntatem
945 1441 1090 1495 nostram
1115 1442 1153 1513 et,
1181 1432 1337 1518 quicquid

202 1535 277 1618 ipsa
306 1532 440 1597 libertas
467 1533 605 1598 arbitrii
631 1557 695 1620 pro
728 1533 837 1599 labore
863 1536 923 1620 pio
952 1535 1106 1599 mercedis
1136 1536 1335 1622 acquisierit,

201 1658 265 1700 non
288 1659 351 1701 esse
371 1638 547 1724 proprium
570 1639 729 1717 meritum,
753 1640 810 1703 sed
830 1640 958 1726 pratiae
982 1641 1109 1704 donum.

247 1743 297 1828 (3)
325 1742 386 1829 lepi
405 1743 476 1807 eius
496 1753 524 1806 et
544 1742 705 1807 aduersus
721 1743 864 1808 Arianos
880 1754 908 1808 et
924 1744 1176 1809 Macedonianos
1188 1767 1335 1830 paruum

204 1844 360 1925 libellum,
384 1846 420 1910 in
443 1868 503 1932 quo
527 1847 764 1912 coessentialem
784 1848 960 1933 praedicat
983 1849 1171 1930 trinitatem,

247 1951 298 2036 (4)
327 1960 355 2014 ct
382 1950 487 2014 alium
514 1951 675 2016 aduersus
703 1975 762 2036 eos,
791 1953 849 2038 qui
878 1952 991 2017 dicunt
1018 1975 1083 2016 esse
1109 1954 1147 2016 in
1173 1954 1335 2017 creaturis

202 2054 334 2140 aliquid
352 2055 588 2140 incorporeum,
612 2057 647 2120 in
669 2079 728 2141 quo
750 2068 779 2120 et
799 2057 927 2120 diuinis
947 2059 1137 2121 testimoniis
1152 2068 1182 2122 et
1197 2068 1335 2143 patrum

201 2158 367 2242 confirmat
376 2160 541 2224 sententiis
552 2160 640 2224 nihil
652 2161 846 2225 credendum
855 2163 1081 2247 incorporeum
1088 2173 1223 2248 praeter
1233 2162 1333 2225 denne.

247 2265 294 2349 (5)
328 2274 373 2327 est
403 2275 433 2328 et
459 2265 529 2328 eius
557 2265 700 2351 epistula
727 2267 764 2329 in
791 2267 920 2330 modum
951 2266 1058 2330 libelli
1088 2267 1133 2328 ad
1163 2267 1335 2330 diaconum

201 2367 359 2454 quendam
384 2367 545 2433 Graecum
567 2369 692 2433 nominc
715 2370 814 2448 edita,
845 2373 902 2456 qui
924 2395 945 2433 a
960 2370 1030 2453 fide
1052 2370 1212 2434 catholica
1236 2371 1335 2434 disoe-

202 2473 278 2536 dens
302 2473 347 2535 ad
371 2473 600 2537 Nestorianam
622 2474 706 2538 alriit
728 2475 935 2561 impietatem,
963 2475 999 2536 in
1022 2498 1087 2560 qua
1113 2474 1257 2560 epistula
1280 2474 1335 2537 ad-

201 2588 304 2642 monet
327 2599 398 2641 eum
420 2579 549 2642 eredere
572 2591 715 2642 sanctam
738 2579 884 2642 Mariam
907 2580 1070 2665 uirpinem
1091 2602 1155 2643 non
1179 2580 1335 2643 homirnam

197 2705 323 2768 purum
341 2683 496 2770 penuisse,
521 2684 578 2768 qui
594 2693 708 2769 postea
727 2685 906 2769 susciperet
927 2684 1144 2762 diuinitatem,
1167 2683 1224 2748 sed
1243 2685 1336 2748 deum

202 2809 318 2850 nerum
340 2788 375 2850 in
399 2787 523 2850 homine
545 2809 634 2852 uero.

244 2902 319 2956 sunt
346 2914 424 2955 uero
452 2901 480 2954 et
508 2891 579 2954 alia
606 2892 675 2955 eins
703 2892 839 2977 scripta,
871 2914 962 2977 qrsae,
993 2893 1072 2977 quia
1099 2893 1234 2956 necdum
1262 2891 1334 2979 lapi,

202 2997 368 3059 nominare
383 2996 485 3060 rsolui.
520 2996 604 3059 uiua
626 3006 729 3060 tannen
749 3017 824 3059 uoco
845 2997 1119 3083 apropius'doctor
1139 3007 1168 3059 et
1187 2998 1336 3060 creditur

203 3111 231 3164 et
250 3100 423 3186 probatur.

247 3205 297 3290 (6)
321 3205 454 3290 scripsit
472 3213 586 3290 postea
609 3215 637 3267 et
660 3205 705 3267 ad
729 3203 867 3268 Felicem
892 3203 1096 3290 praefectum.
1119 3205 1285 3290 praetorii
1307 3216 1336 3268 et

199 3308 364 3394 patriciae
389 3308 560 3394 dipnitatis
584 3308 706 3386 uirum,
721 3307 836 3392 fllium
859 3308 975 3394 Mapni
996 3308 1148 3386 consulis,
1171 3310 1238 3372 iam
1260 3309 1336 3372 reli-

201 3413 323 3499 9iosam
345 3411 519 3498 epistulam
542 3412 587 3475 ad
609 3412 755 3476 timorem
777 3413 830 3476 dei
853 3414 1076 3492 hortatoriam,
1099 3404 1336 3477 conuenientem

199 3539 359 3602 personae
376 3516 474 3603 pleno
498 3518 605 3580 animo
627 3517 859 3602 paenitentiam
882 3541 974 3604 apere
998 3518 1188 3604 disponenti.

305 3623 435 3686 Librum
459 3623 500 3687 de
524 3625 662 3706 spiritu
686 3628 817 3688 sancto
841 3643 859 3688 a
881 3623 1042 3689 Gennadio
1062 3626 1162 3708 primo
1181 3626 1248 3689 ioco
1268 3626 1336 3689 lau-

203 3727 309 3790 datum
340 3731 459 3791 exstare
490 3728 645 3811 scriptoris
676 3732 801 3793 tantum
832 3730 957 3794 nomine
987 3731 1019 3794 in
1053 3729 1142 3793 libris
1175 3729 1335 3813 impressis

202 3832 281 3896 falso
305 3833 423 3895 adiecto
445 3832 536 3896 hodie
560 3833 642 3897 inter
664 3851 771 3898 omnes
796 3838 927 3898 constat.
965 3834 1061 3898 libros
1089 3834 1172 3897 onim
1199 3835 1275 3898 duos
1298 3834 1335 3897 de

176 3937 311 4019 spiritu
342 3939 449 4000 sonoto
480 3955 577 4018 usquc
608 3935 709 4000 adhuc
739 3936 900 4002 Paschasii
931 3938 1051 4002 dissoni
1081 3938 1206 4002 nominc
1237 3939 1334 4002 editos

203 4041 310 4104 Fausti
332 4059 401 4104 osso
425 4039 536 4104 codicis
558 4041 667 4124 optimi
690 4042 856 4106 auctoritas
880 4046 912 4106 et
927 4041 1089 4120 Gennadii²
1113 4041 1229 4106 sedulii
1244 4039 1335 4121 Scoti,

202 4145 364 4210 Trithemii
392 4143 507 4209 diserta
534 4146 713 4210 testimonis
740 4163 802 4210 non
830 4147 930 4229 magis
956 4145 1091 4229 probant
1113 4163 1208 4227 quam
1230 4146 1335 4227 ipsum

202 4249 323 4313 dicendi
351 4267 450 4332 genus
477 4249 508 4312 in
536 4249 574 4312 iis
601 4249 753 4314 usitatum
782 4252 906 4313 cumin
931 4251 1112 4314 uniuersum
1136 4249 1243 4313 Fausti
1271 4269 1335 4313 ser-

203 4371 327 4418 monem
350 4356 587 4436 mpmrssntsns
611 4357 679 4416 tum
703 4355 841 4437 singulas
864 4372 956 4417 uooss
981 4359 1012 4418 et·
1035 4355 1205 4419 sententias
1226 4354 1334 4417 Fausti
