3100 4892
242 407 284 469 66
704 403 725 458 I.
743 403 788 457 De
806 402 915 471 gratia

284 582 349 647 Nos
369 585 474 646 autem
493 582 657 665 geminum
675 580 733 644 boc
751 580 785 643 in
805 578 854 643 dei
873 576 1018 660 operibns
1040 575 1159 640 bonum
1182 572 1382 656 inseparabili

242 690 420 752 consertum
446 686 583 749 fatemur
609 684 768 765 amplexu,
798 684 879 747 sicut
903 682 1053 766 legimus:
1085 678 1381 744 misericordiam

242 796 279 858 et
297 793 475 857 iudicium
495 790 654 855 cantabo
674 788 759 870 tibi,
783 789 944 869 domine,
968 788 1141 852 etiterum:
1166 786 1380 850 misericors

242 897 410 961 dominus
426 900 463 960 et
482 896 604 959 iustus
625 898 661 958 et
679 894 769 957 deus
786 896 913 958 noster
929 892 1184 972 miserebitur,
1205 890 1380 955 etiterum:

202 1030 215 1069 a
243 1001 455 1065 misericors
478 1004 515 1064 et
537 1000 731 1063 miserator
754 1001 791 1062 et
816 999 936 1062 iustus
965 996 1143 1061 dominns.
1189 1012 1264 1060 nam
1287 995 1381 1059 mise-

239 1106 335 1169 ricors
362 1107 411 1168 est
433 1108 465 1169 ot
490 1104 523 1168 in
545 1104 699 1186 perditos,
725 1102 778 1185 qui
804 1102 932 1184 inquirit
956 1105 987 1166 et
1012 1101 1125 1165 inuitat
1147 1102 1302 1179 errantes
1330 1098 1382 1180 qui

241 1209 293 1273 diu
316 1209 451 1272 sustinet
472 1208 698 1290 delinquentes.
747 1210 778 1270 et
801 1207 882 1271 sient
904 1207 1019 1271 solem
1047 1224 1152 1269 suum
1175 1205 1266 1268 oriri
1287 1202 1381 1267 facit

242 1332 352 1396 super
372 1313 488 1376 bonos
508 1316 544 1376 et
566 1314 682 1376 malos
703 1315 739 1377 et
753 1312 853 1394 pluit
873 1329 983 1394 super
1002 1310 1122 1374 iustos
1146 1312 1181 1373 et
1203 1308 1380 1386 iniustos,

241 1418 287 1500 ita
308 1420 456 1499 utrosque
478 1416 690 1481 indifferenter
709 1416 829 1480 lumine
851 1415 978 1479 rationis
1002 1414 1142 1497 inplauit,
1165 1413 1282 1477 honoro
1302 1412 1381 1475 ima-

192 1546 217 1585 1⁰
241 1522 323 1605 ginis
344 1539 419 1585 suae
438 1520 548 1600 induit,
572 1522 611 1585 ad
629 1521 765 1605 gratiam
785 1519 1006 1603 redemptionis
1022 1518 1210 1602 generaliter
1226 1515 1379 1580 euocauit.

242 1627 325 1690 itane
346 1626 519 1689 misericors
539 1625 572 1690 in
591 1625 644 1690 illo
665 1644 727 1690 non
746 1625 813 1705 fuit,
834 1625 866 1688 in
885 1642 980 1706 quem
996 1626 1085 1687 tanta
1099 1622 1265 1705 congessit,
1287 1639 1379 1703 quem

241 1731 280 1794 de
307 1730 449 1813 neglecta
476 1733 507 1793 ot
533 1730 654 1813 perdita
680 1729 891 1793 misericordia
917 1726 1088 1791 indicabit?
1132 1726 1195 1790 iam
1221 1726 1299 1789 illud
1322 1725 1381 1788 mi·

242 1835 326 1899 noris
356 1835 471 1917 negotii
501 1838 563 1915 est,
594 1837 630 1898 ut
660 1852 733 1917 erga
763 1833 932 1915 adquisitos
963 1833 1045 1896 sicut
1074 1829 1307 1894 misericordem
1337 1832 1381 1893 ita

242 1939 359 2002 iustum
391 1957 459 2002 esse
490 1939 665 2002 doceamus.
715 1937 830 2017 iustus
860 1939 1001 2019 inquam,
1033 1938 1063 1999 et
1093 1936 1176 2000 eirca
1205 1952 1272 2015 eos,
1304 1952 1381 2016 quos

192 2072 216 2111 15
243 2045 372 2125 suscipit
393 2045 598 2122 reuertentes,
626 2060 702 2124 quos
725 2059 788 2106 non
811 2042 927 2106 deserit
947 2040 1141 2121 laborantes,
1168 2056 1246 2121 quos
1271 2039 1381 2123 dignos

242 2146 339 2212 eflicit
357 2146 652 2233 libertatolfidoliter
672 2146 853 2210 seruientss.
892 2146 1065 2209 haereticus
1086 2148 1190 2209 autem
1210 2144 1279 2207 ideo
1300 2144 1382 2207 eirca

242 2253 342 2317 malos
364 2256 460 2335 nogat
482 2250 723 2331 misericordem,
749 2250 906 2332 quianon
929 2250 1027 2313 credit
1048 2248 1188 2313 oblatam
1209 2248 1308 2312 fuisse
1331 2266 1381 2311 sa-

241 2357 317 2420 lutis
340 2358 461 2437 copiam
482 2355 543 2436 his,
566 2356 620 2436 qui
642 2354 829 2419 delabuntur
849 2354 881 2418 in
905 2357 1046 2418 mortem.
1086 2354 1154 2417 ideo
1177 2352 1258 2416 circa
1280 2351 1381 2416 bonos

241 2478 303 2524 non
331 2461 442 2524 asserit
468 2461 600 2539 iustum,
628 2459 700 2541 quia
725 2459 803 2522 nibil
831 2458 874 2522 eis
903 2460 1049 2522 aestimat
1070 2474 1125 2542 pro
1148 2457 1259 2521 humili
1283 2456 1382 2520 deuo-

191 2594 218 2633 20
242 2566 325 2630 tione
348 2564 516 2629 conlatum.
555 2564 729 2628 misericors
752 2579 825 2647 crgo
849 2567 905 2644 est,
930 2564 1002 2645 qnia
1024 2566 1056 2628 et
1079 2562 1170 2627 malis
1194 2562 1308 2645 ingerit
1329 2580 1382 2625 ra·

241 2669 335 2734 tionis
358 2668 554 2733 intellectum
573 2671 605 2732 et
623 2667 770 2733 bonitatis
791 2667 948 2747 affectum,
971 2668 1083 2747 iustus,
1107 2667 1179 2748 quia
1202 2666 1380 2730 oboedienti

240 2775 384 2857 proponit
405 2773 590 2855 praemium,
612 2773 724 2852 iustus,
747 2773 821 2855 quia
843 2773 966 2836 nullum
989 2772 1092 2837 salnat
1113 2772 1257 2835 inuitum.

283 2878 393 2961 Itaque
413 2878 572 2958 apostolus
592 2876 758 2961 magnifice
778 2877 817 2941 ad
837 2877 952 2942 donum
972 2878 1090 2961 gratiae
1109 2874 1246 2940 officium
1261 2873 1381 2939 laboris

241 2981 382 3067 adirmgit
415 2983 459 3047 ita
492 2984 613 3048 dicens:
648 2981 883 3047 laborantem
917 2982 1120 3065 agricolam
1154 2981 1303 3063 oportet
1337 2978 1380 3042 de

188 3114 214 3152 rs
239 3086 428 3151 fructibus
452 3088 629 3169 accipere.
664 3104 734 3150 ecce
754 3086 909 3168 quomodo
926 3086 985 3151 sibi
1001 3083 1176 3149 admirabili
1191 3084 1380 3148 commercio

240 3191 348 3256 diuina
374 3194 405 3255 et
430 3190 569 3254 bumana
595 3190 762 3255 sociantur.
809 3192 848 3255 ad
870 3190 1098 3256 oboedientiam
1120 3190 1257 3273 pertinet
1278 3188 1380 3267 labor,

240 3294 360 3360 fructus
390 3312 464 3359 uero
493 3294 608 3359 laboris
639 3296 677 3359 ad
706 3296 851 3378 gratiam.
902 3298 933 3359 et
963 3296 1090 3360 iterum:
1121 3292 1379 3375 unusquisque

240 3400 426 3483 propriam
443 3398 650 3463 mercedem
665 3400 825 3483 accipiet
848 3398 1050 3463 secundum
1071 3416 1176 3463 suum
1195 3396 1379 3478 laborem,

241 3522 313 3567 curn
343 3504 487 3567 dominus
517 3504 549 3568 in
578 3503 740 3587 euangelio
771 3502 867 3567 dieat:
896 3520 975 3567 curn
999 3502 1168 3567 feceritis
1195 3501 1300 3582 baec,
1328 3501 1380 3564 di·

189 3633 214 3672 co
241 3609 328 3673 cite:
359 3609 458 3672 serui
488 3607 659 3688 inutiles,
689 3607 784 3689 quod
814 3606 1009 3671 debuimus
1038 3607 1176 3687 facero,
1208 3606 1377 3669 fecimus.

342 3771 372 3841 a]
385 3770 483 3825 esaum.
499 3774 556 3835 roo,
569 3774 591 3827 1.
645 3770 891 3840 speraturas.
945 3769 973 3839 5]
986 3769 1086 3825 nsum.
1101 3771 1192 3835 111,4.
1237 3768 1377 3839 spurcas.

240 3860 265 3921 5,
277 3859 319 3914 as.
372 3858 419 3927 aa]
438 3860 455 3914 a
472 3858 540 3913 urm.
559 3860 620 3923 ae.
673 3858 719 3928 aa]
740 3861 753 3914 1
773 3856 834 3913 eor.
852 3860 876 3923 a,
890 3859 914 3914 a.
969 3856 1015 3927 ao]
1034 3857 1097 3912 nuc.
1119 3859 1213 3923 17,1o.

282 4004 434 4075 ttporditos
453 4021 551 4073 quoso
604 4005 764 4074 isustinet]
783 4005 824 4059 sui
842 4008 916 4059 tenet
934 4006 962 4059 P
1011 4004 1229 4073 9utrosquaeP
1279 3961 1377 4059 indiffe-

239 4095 328 4145 renter
345 4094 373 4147 P
425 4094 457 4148 12
476 4090 628 4146 noelictaP
677 4091 837 4147 iudicauito
890 4092 1056 4161 remquam]
1068 4110 1135 4148 aum
1147 4092 1378 4150 estaddmdum?

241 4182 274 4233 16
290 4178 423 4233 hereticus
441 4180 469 4233 P
519 4181 553 4235 22
571 4178 669 4249 iustus]
682 4193 745 4232 uero
757 4179 851 4235 addo
902 4180 936 4234 23
949 4178 1094 4245 itaquaeP
1144 4178 1338 4248 magnellam
1352 4180 1380 4233 P

239 4268 273 4321 25
296 4265 457 4319 ammirabili
475 4267 503 4320 P
569 4267 603 4321 27
622 4266 817 4334 unusquisquae
836 4267 863 4319 P
931 4266 965 4319 29
983 4281 1045 4318 curu
1064 4264 1188 4319 dominus
1205 4268 1313 4336 scalpsi,
1335 4282 1377 4318 se·

239 4351 357 4405 eundum
375 4354 410 4420 P,
428 4350 574 4406 secundum
592 4351 697 4420 quode
749 4350 850 4406 dicito
902 4352 935 4407 30
953 4350 1074 4421 inutiles]
1094 4368 1186 4407 sumus
1202 4354 1302 4409 addo
