3100 4892
282 421 346 485 334
690 422 757 477 IIII.
775 421 884 476 Sermo
903 425 1014 479 27-28.

280 599 402 681 lampas
424 615 541 681 magna
568 598 715 662 nonsibi
743 598 932 679 accenditur,
960 600 1016 663 sed
1043 599 1150 664 lumen
1178 619 1271 664 snum
1299 600 1412 664 eminus

281 708 314 767 et
335 703 367 767 in
392 704 590 766 ciacumiecta
611 702 765 767 iaculatur
788 703 964 785 speciosum
988 704 1123 768 fundens
1145 705 1254 768 lumen
1276 703 1412 768 flammeo

281 807 438 871 doctrinae
453 807 574 890 fulgore
598 810 629 870 ct
644 807 799 870 uniuersis
816 808 916 872 adluit
934 808 1091 892 integrum
1114 811 1146 873 et
1166 808 1300 892 siugulis
1318 811 1412 871 totum

280 914 459 995 praestante
483 911 607 976 domino
624 915 729 976 nostro
745 911 819 975 Iesu
836 911 970 992 Christo,
995 912 1048 995 qui
1064 931 1135 977 cum
1151 916 1240 996 patre
1264 915 1296 976 et
1311 912 1412 995 spicitu

241 1044 253 1083 ⁶
281 1019 388 1080 sancto
415 1016 495 1079 uiuit
521 1018 554 1078 et
579 1018 692 1098 regnat
719 1016 796 1080 deus
824 1035 880 1099 per
905 1016 1028 1082 infinita
1059 1018 1184 1082 saecula
1214 1018 1410 1082 saeculomm.

278 1119 391 1185 Amen.

777 1275 921 1341 XXVIII.

279 1419 382 1461 SERHO
405 1421 448 1461 DE
470 1418 691 1463 mesammones
714 1419 867 1462 CORPORIS
895 1420 989 1461 neam
1017 1419 1171 1462 STEPHANI
1194 1419 1357 1463 LIIGRNDUB
1380 1420 1411 1460 m·

748 1524 948 1567 INUEINTIONB.

229 1671 253 1708 10
322 1641 486 1706 Praesenti
518 1642 651 1706 lectione
679 1643 876 1725 percepimus
911 1642 1064 1707 uisionem
1099 1644 1245 1708 omnibus
1280 1643 1411 1707 ecclesiis

279 1746 478 1828 celebratam,
502 1746 681 1810 audiuimus
705 1763 767 1810 non
791 1747 915 1811 somnia
929 1746 1048 1812 lubrico
1068 1767 1218 1812 sensuum
1243 1766 1343 1812 errore
1365 1747 1412 1810 de

279 1851 358 1931 lusa,
381 1851 437 1914 sed
453 1851 578 1915 oracula
593 1871 698 1914 rerum
715 1850 878 1915 effectibus
894 1851 1075 1935 approbate.
1110 1853 1221 1917 merito
1236 1851 1412 1916 reuelationi

279 1955 433 2020 oredimus
464 1957 497 2019 iu
520 1973 675 2037 sermone,
706 1956 760 2037 qui
782 1955 921 2020 fructum
943 1960 1089 2021 tenemus
1119 1959 1152 2021 in
1180 1976 1319 2022 munere.
1363 1954 1411 2018 ubi

279 2063 362 2140 sunt,
385 2061 438 2143 qui
460 2061 569 2124 dicum
590 2061 657 2143 pios
673 2060 863 2142 martyribus
886 2060 1019 2125 honores
1043 2079 1105 2126 non
1129 2079 1198 2126 esse
1214 2061 1411 2126 deferendos?

227 2192 252 2230 15
278 2182 349 2227 ecce
371 2165 441 2244 iste,
472 2165 527 2246 qni
549 2164 612 2229 iam
636 2164 754 2228 dudum
776 2163 870 2228 beato
893 2165 1030 2248 paradisi
1053 2165 1216 2248 splendore
1239 2165 1410 2249 perfruitur,

278 2287 362 2333 nune
384 2269 501 2332 mundo
524 2268 644 2333 adhoc
667 2268 852 2350 ostenditur,
883 2272 920 2332 ut
942 2269 1071 2334 colatur.
1116 2270 1200 2333 unde
1223 2270 1411 2352 dispensator

278 2372 450 2436 utilitatum
473 2376 653 2438 nostrarum
683 2373 760 2436 deus
791 2373 951 2437 euidenter
980 2391 1052 2437 eum
1082 2373 1234 2457 praecipit
1263 2372 1411 2449 honorari,
1505 2415 1506 2484 ἦ

277 2495 371 2558 quem
394 2477 552 2559 praestitit
572 2477 717 2541 inueniri.
770 2539 776 2558 ,

319 2581 377 2644 Ait
399 2599 473 2665 orgo
495 2599 599 2646 sermo
622 2581 831 2662 reuelationis,
859 2581 941 2663 quod
964 2599 1088 2645 sacrum
1116 2581 1193 2645 illud
1217 2599 1329 2663 corpus
1356 2597 1410 2644 nou

226 2713 252 2751 eo
278 2685 356 2765 auiS,
391 2703 453 2749 non
487 2686 555 2749 fera
587 2685 761 2750 uiolauerit.
808 2684 863 2748 ubi
898 2689 981 2765 sunt,
1017 2686 1071 2767 qni
1104 2686 1272 2750 inhonores
1306 2685 1411 2748 uolunt
1505 2723 1506 2768 y

216 2843 222 2850 .
277 2789 375 2852 uideri
391 2807 494 2854 saeros
511 2793 685 2873 martyrum
701 2791 842 2854 cineres?
866 2807 936 2853 ecce
951 2789 1044 2853 bruta
1058 2788 1224 2854 beluarum
1240 2791 1410 2854 uolucrum·
1505 2787 1506 2834 t

277 2912 337 2974 que
360 2897 482 2974 natura,
506 2913 585 2976 quse
601 2912 664 2959 non
679 2893 777 2957 habet
792 2893 997 2974 intellectum,
1021 2893 1165 2958 sedulum
1187 2897 1294 2958 tumen
1317 2893 1410 2957 amico
1505 2897 1506 2900 ’

276 2996 378 3061 reddit
399 2997 593 3079 obsequium,
618 2998 761 3062 illicilum
777 2998 912 3061 declinat
935 3001 1089 3062 attactum
1110 2998 1269 3081 angelicae
1285 2997 1409 3061 fortasse

277 3101 437 3165 custodiae
461 3105 610 3165 uenerata
632 3105 799 3166 secretum.
847 3120 908 3166 non
932 3101 1037 3184 tetigit
1059 3119 1132 3166 enm
1159 3102 1238 3182 auis,
1267 3119 1329 3165 uon
1350 3101 1410 3164 lora
1505 3087 1506 3124 r

225 3233 250 3270 25
277 3205 416 3270 uiolauit.
454 3224 526 3269 cum
549 3207 660 3289 grandi
683 3204 876 3270 crudelitatis
898 3206 1015 3270 inuidis
1038 3206 1119 3269 niele
1142 3207 1205 3270 ism
1228 3206 1410 3270 condemnat

276 3310 434 3373 hominem
465 3311 642 3375 reuerentia
670 3310 858 3390 bestiarum,
893 3311 957 3393 qui,
992 3313 1108 3392 quanto
1140 3312 1240 3394 magis
1275 3307 1409 3374 obdurati

277 3415 376 3478 cordis
400 3414 545 3496 impietas
568 3434 717 3476 1111111
740 3415 781 3478 ad
803 3431 861 3478 nos
883 3415 1065 3479 immanitas
1088 3414 1226 3478 ferarum
1252 3417 1285 3479 et
1309 3417 1409 3478 nostra

276 3517 316 3581 sd
337 3519 420 3583 feras
443 3521 554 3583 transit
577 3518 769 3583 humanitas.
815 3519 865 3582 hic
889 3537 962 3602 ergo
985 3520 1105 3602 primus
1129 3519 1289 3584 nascentis
1318 3518 1409 3583 eccle·

276 3623 340 3686 siae
369 3626 401 3686 et
429 3623 573 3687 minister
603 3627 634 3687 et
663 3626 783 3706 martyr
813 3641 912 3705 usque
939 3623 1101 3706 fastiginm
1132 3624 1320 3706 culmenque
1349 3639 1409 3685 me·

224 3751 250 3791 so
276 3727 408 3790 ritorum
430 3727 545 3809 gloriae
569 3728 677 3791 ardore
700 3728 861 3791 subiectus
885 3728 986 3792 euasit
1008 3732 1040 3791 ot
1061 3727 1159 3793 lenita
1172 3729 1283 3792 altaris
1299 3723 1408 3792 Christi

319 3936 336 3990 2
353 3934 500 4004 spetiosum
519 3935 546 3988 P
596 3935 613 3989 3
630 3933 762 4002 fulgorem
779 3935 807 3989 P
858 3935 1271 3992 seosctasecmoioeodioe
1284 3933 1407 3990 Passio

276 4022 908 4090 lcasasseceexsotssr(1³);nocdom
932 4022 1020 4077 edim
1043 4038 1097 4077 esec
1116 4023 1235 4092 moeso,
1253 4025 1289 4092 cf.
1307 4023 1407 4086 loom,

275 4109 321 4164 caci
345 4110 536 4178 descripsimus
563 4107 690 4164 ‘sadaca
714 4111 781 4164 cler
807 4109 852 4164 dis
879 4110 1018 4177 Scis-illes
1044 4109 1090 4164 des
1113 4107 1244 4164 Fmstacs'
1265 4125 1296 4180 p.
1313 4112 1408 4175 9111,Ι

275 4212 362 4249 sermo
380 4195 461 4249 fausti
480 4195 523 4264 εἴη
542 4193 574 4248 dc
592 4195 754 4248 reuelatione
771 4196 889 4265 corporis
907 4194 979 4249 beati
998 4194 1119 4263 stephani
1137 4193 1265 4264 legendus
1282 4195 1309 4248 in
1321 4194 1407 4248 inuen-

275 4283 347 4336 tiono
366 4284 393 4337 P
445 4285 477 4338 15
495 4281 620 4351 paradysi
636 4283 665 4336 P
713 4285 747 4337 25
766 4282 985 4352 condempnstP
1036 4283 1069 4337 26
1088 4281 1224 4336 hominem
1241 4284 1347 4352 scarpo,
1364 4280 1406 4332 ho

276 4369 380 4422 minum
398 4370 426 4422 P
475 4371 509 4424 27
528 4371 641 4424 lammae
657 4370 766 4438 mmmm
780 4373 864 4440 possi
