3100 4892
609 432 706 487 Liber
723 433 752 487 II
771 433 881 488 11-12.
1276 432 1315 496 91

177 612 224 675 111
247 611 298 674 uel
320 610 443 675 litterae
466 612 516 675 nal
538 614 678 675 naturae.
702 612 735 675 in
753 610 910 675 Neniuitis
934 628 1006 694 ergo
1030 610 1190 675 euidenter
1214 610 1315 675 mani-

176 718 290 780 festata
318 719 368 779 est
396 716 580 780 clementiae
611 719 642 780 et
671 716 821 781 bonitatis
851 717 945 799 plena
974 732 1033 779 uox
1056 715 1173 780 domini
1197 716 1242 780 ita
1272 716 1319 779 di-

177 821 287 885 centis:
310 824 465 903 repente
479 821 612 903 loquar
628 820 671 884 ad
686 824 836 905 gentem
853 824 888 884 et
903 838 1074 904 rognum,
1098 824 1138 884 ut
1154 821 1317 884 cuellam

178 931 211 991 et
240 926 431 990 destruam
461 929 497 990 ct
527 926 722 991 eradicem.
761 928 791 990 si
822 945 913 1010 gens
944 926 1011 990 illa
1039 925 1316 1009 paenitentiam

177 1031 295 1115 egerit
329 1048 394 1114 pro
426 1034 582 1113 peccato
616 1049 696 1111 suo,
735 1035 771 1095 et
805 1048 871 1114 ego
904 1030 1177 1112 paenitentiam
1211 1048 1316 1114 agam
1357 1056 1370 1093 1

178 1155 287 1219 super
317 1136 428 1215 malo,
459 1136 554 1217 quod
583 1136 734 1200 locutus
765 1154 860 1217 sum,
891 1140 930 1199 ut
960 1136 1121 1201 lacerem
1152 1136 1192 1199 ei.
1231 1137 1319 1217 optat

176 1241 266 1305 iudex
296 1241 471 1305 misericors
502 1239 646 1304 caelestis
677 1240 802 1305 decreta
832 1241 953 1305 consilii
974 1241 1026 1323 pio
1049 1240 1205 1304 inmutare
1229 1258 1317 1305 men-

176 1346 274 1425 dacio,
309 1347 336 1409 si
364 1364 436 1409 reus
467 1344 656 1409 medicinam
686 1345 814 1411 festinat
844 1345 992 1411 adhibere
1022 1350 1158 1429 peceato.
1198 1345 1315 1409 inuitus

175 1450 294 1515 homini
315 1450 437 1533 pondus
453 1449 662 1514 damnationis
677 1451 808 1533 inponit,
832 1452 885 1534 qni
904 1451 1076 1515 remedium
1094 1449 1317 1515 satisfactionis

176 1555 311 1621 ostendit
334 1559 365 1618 et
388 1554 514 1619 sedulae
537 1556 724 1639 obsequium
739 1556 899 1620 seruitutis
917 1559 1067 1637 expectat.
1107 1558 1138 1619 11
1158 1554 1227 1619 ideo
1246 1574 1317 1637 per·
1346 1580 1369 1617 ιο

176 1661 258 1724 lacta
280 1659 337 1724 illa
358 1659 565 1741 prouidentia,
596 1678 677 1741 quae
703 1661 734 1724 in
757 1660 816 1724 hoo
839 1662 964 1725 saeculo
987 1662 1139 1725 uirtutum
1163 1658 1316 1723 exercitiis

176 1764 358 1846 delectatur,
389 1764 655 1829 ordinatissimum
680 1768 710 1829 et
734 1765 887 1847 sapientia
910 1782 967 1829 sua
997 1764 1216 1848 dignissimum
1239 1764 1319 1827 iudi-

177 1869 268 1950 cauit,
299 1873 334 1933 ut
364 1868 524 1933 hominem
555 1869 716 1935 conditum
747 1870 785 1933 ad
818 1886 923 1934 sacrae
954 1870 1100 1953 imaginis
1131 1868 1317 1952 dignitatem

54 1969 57 1978 ’
177 1973 227 2037 lric
248 1974 337 2057 prins
360 1973 514 2057 agonibus
538 1978 567 2038 et
587 1973 824 2038 contritionibus
846 1974 1028 2055 exploraret,
1052 1974 1116 2037 illic
1135 1990 1208 2036 uero
1229 1972 1318 2037 donis

179 2082 208 2142 11
236 2076 493 2142 retributionibus
516 2078 701 2160 adinpleret,
731 2082 776 2159 ut,
807 2096 879 2142 cum
902 2078 1041 2143 famulus
1072 2077 1264 2143 exhibuisset
1286 2079 1318 2142 in
1347 2104 1371 2143 ιε,

178 2182 281 2247 labore
305 2182 542 2263 oboedientiam,
571 2182 716 2247 dominus
739 2182 919 2247 ostenderet
942 2184 973 2247 in
996 2183 1249 2247 remuneratione
1272 2184 1320 2247 iu-

180 2287 304 2368 st'tiam,
336 2292 382 2367 ut,
413 2305 485 2351 oum
508 2285 675 2352 infirmitas
697 2287 837 2352 humana
860 2286 1027 2353 obtulisset
1049 2288 1201 2352 humilem
1226 2288 1319 2352 deuo-

180 2393 306 2473 tioncm,
329 2390 520 2456 ineffabilem
544 2392 652 2456 diuina
673 2392 814 2474 potentia
839 2396 977 2457 exereret
999 2394 1188 2475 largitatem.

220 2496 340 2580 iugiter
364 2514 437 2579 ergo
459 2495 676 2577 laborandum,
708 2496 763 2560 sed
785 2514 805 2560 a
827 2497 929 2581 gratia
959 2515 1021 2561 uon
1051 2497 1259 2561 recedendum
1288 2500 1319 2561 ct

179 2601 356 2665 dicendum:
392 2602 495 2681 deus,
530 2601 568 2665 in
602 2601 828 2665 adiutorium
863 2620 982 2666 mcum
1016 2602 1178 2666 intende.
1216 2602 1321 2683 ipsum
1347 2628 1373 2666 20

180 2724 251 2788 ergo
274 2706 420 2771 adiutorii
442 2704 632 2770 uocabulum
654 2706 828 2771 laborantis
844 2707 974 2789 requirit
990 2706 1137 2771 officium.
1158 2706 1320 2769 ¹adiutorii

178 2811 280 2893 itaqua
304 2827 407 2874 sermo
431 2810 507 2874 duos
530 2810 657 2891 indicat,
688 2815 868 2893 operantem
898 2815 928 2875 et
951 2814 1180 2893 cooperantem,
1210 2815 1321 2893 peten-

179 2919 241 2979 tem
273 2919 306 2979 et
334 2916 580 2998 promittentem,
611 2916 791 2997 pulsantem
823 2920 854 2980 11
885 2916 1085 2998 aperientem,
1117 2919 1320 2998 quaerentem

177 3020 291 3101 pariter
315 3022 347 3083 et
369 3018 605 3083 retribuentem.
643 3020 702 3084 hoc
725 3021 827 3085 solum
851 3024 994 3085 nostrum
1018 3023 1076 3101 est,
1107 3023 1151 3100 ut,
1184 3020 1236 3101 qui
1263 3037 1319 3101 pro

177 3123 347 3208 fragilitate
370 3124 473 3188 idonci
495 3140 558 3188 non
582 3142 702 3205 sumus,
726 3125 832 3188 saltim
855 3125 1024 3206 quaerendi
1048 3128 1079 3189 et
1105 3124 1251 3208 pulsandi
1273 3126 1321 3188 in·
1346 3149 1372 3188 11

178 3229 366 3311 portunitate
381 3229 572 3310 placeamus.
608 3228 661 3292 nbi
676 3230 735 3293 erit
750 3229 901 3293 sedulitas
917 3230 1095 3293 miserentis
1113 3228 1171 3309 dei,
1193 3229 1230 3309 si,
1247 3248 1318 3293 cum

178 3351 310 3415 persona
325 3333 401 3398 nihil
419 3337 576 3397 mereatur
592 3334 722 3417 indigni,
747 3334 785 3397 ad
800 3335 859 3397 hoc
876 3333 1027 3397 desideria
1042 3333 1192 3397 accedant
1207 3333 1319 3397 otiosi?

179 3441 208 3501 11
229 3438 298 3502 ideo
321 3438 381 3502 nisi
404 3437 597 3520 obsequendi
621 3438 760 3502 studium
784 3438 981 3502 oboedientia
1008 3438 1166 3502 indefessa
1195 3441 1320 3521 praetu-

177 3541 255 3621 lerit,
278 3542 383 3606 locum
401 3541 582 3606 remanendi
602 3541 722 3607 institia
737 3560 799 3607 non
816 3542 955 3607 habebit.
992 3547 1022 3607 et
1037 3546 1201 3627 propterea
1217 3560 1319 3607 sermo

180 3645 300 3710 1111111111
323 3645 356 3711 in
374 3665 430 3728 spe
444 3645 560 3711 laboris
577 3646 626 3711 sui
640 3648 780 3729 positum
796 3646 942 3711 describit
957 3648 1124 3731 agricolam
1139 3648 1183 3712 ita
1199 3648 1318 3711 dicens:
1347 3672 1373 3711 so

279 3851 308 3923 3]
327 3850 420 3906 Iuram.
436 3854 477 3916 18,
491 3853 514 3906 7.
568 3851 614 3922 20]
633 3852 677 3906 Ρ1.
691 3855 732 3919 69,
745 3854 770 3908 2.

223 4043 281 4098 lin
300 4060 386 4098 omo
447 4042 591 4096 manifesta
608 4045 636 4097 P
687 4043 854 4098 ldistruam
873 4046 900 4099 P
951 4045 1125 4099 lmeudatio
1144 4047 1172 4100 P
1224 4047 1319 4101 1111-

181 4128 236 4182 culo
254 4131 281 4184 P
342 4132 375 4185 12
393 4129 542 4198 dignissum
562 4132 589 4183 P
642 4134 765 4186 lassare
785 4132 813 4184 P
877 4135 908 4187 14
927 4132 1159 4187 conditionibuso
1212 4130 1275 4184 illuc
1293 4133 1321 4186 P

182 4217 212 4270 16
228 4216 408 4271 obedientiam
422 4218 449 4271 P
502 4220 534 4273 18
553 4220 718 4273 1111111111
771 4218 937 4287 largitatcP
990 4224 1021 4275 19
1041 4237 1056 4273 a
1074 4239 1124 4276 ona
1139 4220 1166 4273 P
1216 4218 1319 4274 22111-

181 4318 243 4371 quae
265 4304 293 4358 P
370 4307 404 4360 27
427 4304 544 4373 indigni]
567 4307 595 4358 et
616 4306 721 4360 addo
795 4306 904 4361 accedat
927 4308 954 4361 P
1022 4310 1055 4362 28
1083 4305 1265 4371 oboedientiae
1294 4306 1321 4359 P

180 4392 211 4445 30
228 4389 350 4445 discribit
368 4392 396 4445 P
446 4390 594 4459 agriculam
613 4391 640 4446 P
