3100 4892
498 383 501 393 '
623 389 688 446 1111.
709 392 818 446 Sermo
838 394 877 448 11.
1254 393 1319 457 263

179 585 293 650 gruum
318 585 367 631 me
390 569 441 632 uel
464 567 655 651 superfluum
678 567 805 648 iudicet,
828 586 924 651 quare
939 568 1028 633 uobis
1051 573 1117 634 mm
1140 569 1319 651 frequenter

180 673 430 737 tremeseeudum
454 675 486 737 et
507 672 626 738 utiliter
642 674 913 757 expauescendnm
929 673 1011 738 diem
1034 673 1139 738 iudicii
1160 673 1320 738 insinuare

179 775 342 841 contendo.
388 777 507 859 siquis
530 781 588 858 est,
611 777 661 840 cui
683 776 764 842 forte
785 777 818 842 in
841 776 900 841 hac
922 780 1010 861 parte
1033 777 1223 861 displiceam,
1247 793 1319 841 con·

180 880 295 946 uideret
323 881 497 964 periculum
528 898 634 945 meum
664 883 696 944 et
725 881 832 946 audiat
857 881 1019 946 dominum
1049 900 1105 965 per
1133 881 1319 965 prophetam

180 985 333 1050 sacerdoti
363 985 541 1050 terribiliter
570 985 831 1050 comminantem:
868 987 898 1050 si
932 1004 1002 1050 non
1036 984 1320 1050 adnuntiaueris
1359 1013 1373 1052 s

180 1089 308 1171 iniquo
341 1090 582 1172 iniquitatem
616 1108 733 1171 suam,
768 1091 991 1174 sanguinem
1025 1090 1105 1155 eius
1135 1090 1178 1154 de
1211 1107 1320 1155 manu

180 1197 243 1258 tua
266 1194 467 1276 requiram,
496 1195 676 1259 etiterum:
704 1194 838 1275 alama,
861 1213 1068 1275 necesses,
1092 1194 1197 1276 quasi
1219 1192 1319 1273 tuba,

180 1298 297 1379 iuquit,
336 1299 458 1362 exalta
493 1316 621 1363 uocem
654 1302 756 1363 tuam
790 1302 827 1362 et
860 1298 1041 1363 adnuntia
1074 1297 1208 1382 populo
1241 1316 1319 1362 meo

179 1405 337 1484 peccata
367 1420 500 1468 eorum.
547 1403 600 1467 sed
630 1403 710 1468 forte
737 1402 849 1485 aliquis
881 1402 976 1466 dieat:
1007 1421 1104 1484 quare
1134 1402 1222 1467 nobis
1252 1405 1319 1466 tam

179 1505 257 1570 dura
280 1505 407 1570 adsidue
429 1507 668 1592 praedicantur?
713 1507 787 1589 quia
809 1506 921 1571 melius
936 1509 986 1570 eet
1007 1507 1058 1571 hic
1079 1523 1210 1591 paruam
1232 1525 1319 1570 ama-
1346 1533 1372 1572 ro

179 1610 350 1674 titudinem
378 1612 530 1675 sustinere
553 1615 585 1675 et
610 1615 720 1695 postea
742 1611 782 1675 ad
804 1614 965 1676 aeternam
987 1611 1183 1675 dulcedinem
1210 1629 1320 1694 perne-

180 1715 257 1795 nire,
285 1732 380 1796 quam
407 1713 457 1778 hic
483 1715 598 1780 habere
619 1715 770 1799 gaudium
796 1714 913 1780 falsum
936 1718 967 1779 et
989 1715 1054 1779 illio
1076 1714 1231 1780 sustinere
1254 1715 1320 1778 sine

179 1817 241 1883 fine
261 1819 458 1903 supplicium.
494 1819 607 1900 audite,
631 1820 754 1900 iratres,
775 1837 838 1884 non
851 1837 913 1900 me,
929 1819 985 1884 sed
1000 1820 1161 1885 dominum
1176 1819 1208 1884 in
1224 1837 1321 1884 euan-

179 1923 261 2005 gello
285 1922 455 1987 dicentem:
493 1923 608 2004 beati,
643 1924 705 2006 qui
732 1925 864 2008 lugent
897 1941 1007 2005 nuuc,
1042 1924 1216 2005 quoniam
1247 1924 1320 2006 ipsi

179 2026 490 2108 consolabuntur,
519 2030 565 2092 et:
595 2045 663 2092 uae
689 2027 814 2108 uobis,
843 2029 905 2110 qui
930 2027 1063 2093 ridetis
1091 2046 1203 2109 nune,
1234 2028 1321 2110 quia
1347 2051 1372 2093 ra

179 2131 327 2196 flebitis
350 2135 386 2196 et
407 2131 600 2216 lugebitis.
640 2136 671 2196 et
692 2132 751 2197 hoc
774 2132 944 2212 adtendite,
967 2132 1091 2212 fratrea,
1115 2132 1189 2214 quia
1210 2148 1320 2196 omues

179 2235 321 2300 carnales
344 2236 467 2316 medici,
491 2236 633 2318 quotiens
657 2235 696 2300 ad
719 2253 782 2317 eos,
812 2237 919 2318 quiin
941 2253 1068 2319 corpore
1091 2239 1251 2320 aegrotare
1273 2236 1320 2300 ui·

179 2341 303 2420 dentur,
331 2341 469 2421 ueniunt,
498 2341 611 2421 omnia,
639 2357 718 2423 quae
741 2340 787 2404 eis
809 2339 1004 2404 delectabilia
1027 2357 1096 2404 esse
1123 2339 1319 2420 uidebantur,

179 2443 346 2508 abscidunt
367 2447 409 2525 et,
432 2445 515 2527 quod
537 2445 626 2509 dulce
650 2447 706 2524 est,
731 2444 770 2509 ad
793 2444 951 2528 integrum
974 2444 1173 2508 interdicunt.
1202 2443 1320 2526 aliquo·

178 2550 262 2612 tiens
296 2548 391 2613 etiam
423 2548 572 2632 frigidum
602 2549 740 2632 accipere
774 2565 837 2613 non
868 2548 1065 2632 permittunt,
1098 2548 1254 2612 interdum
1287 2551 1319 2613 et
1345 2572 1373 2611 ao

180 2653 392 2718 amarissimas
415 2655 557 2736 potiones
579 2651 686 2718 bibere
709 2657 826 2738 cogunt
848 2657 880 2717 et
901 2651 1110 2734 asperissimis
1132 2653 1182 2716 uel
1207 2652 1320 2716 acutis-

154 2757 269 2820 simis
297 2756 493 2822 ferramentis
521 2774 629 2822 eorum
656 2758 788 2822 uulnera
813 2757 992 2840 frequenter
1018 2757 1215 2821 intercidunt.
1260 2756 1321 2821 hoc

180 2877 264 2945 ergo,
287 2861 370 2942 quod
391 2878 448 2945 pro
471 2861 605 2926 sanitate
627 2861 768 2926 carnales
792 2861 904 2925 medici
927 2860 1046 2925 iaciunt
1068 2878 1241 2945 corporum,
1264 2878 1319 2944 pro

180 2965 357 3030 animarum
381 2965 481 3030 salute
505 2967 661 3050 spiritales
685 2966 798 3030 medici
822 2984 964 3030 exercere
986 2965 1185 3030 contendunt.

223 3069 311 3134 Haeo
342 3089 414 3154 ergo
445 3071 597 3154 cogitans,
626 3071 738 3134 fratres
771 3070 976 3150 dilectissimi,
1007 3072 1040 3134 et
1068 3073 1134 3134 tam
1164 3088 1219 3153 pro
1250 3086 1321 3133 mea
1345 3091 1372 3131 as

180 3193 274 3258 quam
290 3192 345 3259 pro
361 3178 468 3240 uestra
490 3176 590 3240 salute
612 3175 766 3240 rationem
788 3193 840 3238 me
862 3173 1055 3239 redditurum
1077 3192 1146 3238 esse
1169 3178 1241 3238 aute
1264 3173 1320 3237 tri·

180 3279 277 3344 bunal
309 3279 427 3344 aeterni
457 3279 566 3345 iudicis
598 3297 660 3343 non
690 3279 838 3364 ignorans
868 3278 940 3342 uolo
970 3296 1027 3361 ego
1057 3295 1167 3360 aspera
1194 3276 1320 3359 quidem

181 3385 235 3448 sed
259 3383 398 3450 salubria
419 3382 509 3450 uobis
533 3384 763 3448 medicamenta
785 3384 938 3468 ingerere,
965 3385 1001 3446 ut
1022 3381 1186 3447 uobiscum
1213 3384 1322 3465 postea

285 3635 313 3704 5]
331 3635 462 3700 Dreoh.3‚
477 3637 516 3691 19.
563 3635 590 3704 7]
609 3633 678 3689 11001.
693 3637 734 3700 58,
749 3637 772 3690 1.
819 3633 864 3702 14]
882 3633 979 3689 matth,
993 3636 1017 3698 5,
1030 3637 1054 3690 5.
1100 3631 1144 3701 15]
1162 3631 1226 3686 Lao.
1240 3633 1264 3697 6,
1278 3633 1319 3688 25.

225 3837 319 3937 luael³
332 3881 362 3936 D
415 3878 491 3934 nobis
509 3879 549 3934 D¹
604 3835 719 3934 ScuiD
772 3875 936 3946 displiciaD
989 3875 1187 3943 conillderotD
1238 3878 1320 3942 iper

179 3970 261 4039 Aac,
280 3985 330 4024 om.
345 3969 374 4022 D
438 3964 609 4022 5terribiter
625 3967 655 4020 D
717 3963 833 4020 7000010
851 3964 880 4018 D
941 3961 1069 4032 8iuquid
1087 3964 1117 4017 D
1179 3964 1209 4017 11
1230 3961 1321 4014 eterna

180 4054 343 4110 dulcidinem
362 4055 392 4110 D
463 4055 495 4110 13
513 4051 618 4156 0110οῖ103
637 4053 666 4108 D
738 4055 769 4107 14
792 4051 900 4120 lugiunt
922 4051 951 4105 D
1022 4053 1054 4107 15
1077 4065 1110 4102 ue
1129 4049 1158 4103 D
1230 4050 1262 4103 18
1281 4045 1320 4100 di·

180 4167 315 4223 recasura
332 4169 362 4222 n
422 4169 456 4222 ao
474 4133 546 4220 inlu
565 4166 594 4220 1)
654 4167 686 4220 ar
707 4163 883 4219 woeserma
901 4164 930 4218 1)
987 4165 1020 4219 ar
1039 4162 1142 4231 iuncea
1160 4161 1191 4216 n
1245 4160 1321 4228 igno-

182 4271 223 4310 ras
241 4257 271 4310 D
345 4251 407 4308 uolo
425 4269 473 4322 ego
491 4255 599 4324 0001001,
618 4251 678 4309 0010
697 4267 759 4322 erge
777 4253 815 4322 D,
834 4249 902 4322 eligo
921 4253 991 4324 Aac.
1062 4251 1097 4309 28
1119 4247 1321 4317 me'ldioamenta

182 4345 211 4401 D
231 4345 300 4412 (crat
323 4343 390 4398 uia
407 4343 473 4416 rus.)
