3100 4892
626 421 869 489 Prolegomena.
1216 419 1317 474 LXVII

172 616 237 679 per
259 616 357 680 quum
379 617 435 658 aec
458 595 503 657 ad
514 595 726 680 paradisum,
749 617 815 657 000
831 594 940 658 dicam
962 594 1012 657 ad
1035 593 1219 658 eonsilium
1233 595 1318 678 qais·

176 721 276 784 qaam
297 700 348 762 ire
373 699 541 778 deride-ret,
569 720 648 783 qnae
676 701 773 765 uerba
799 719 862 764 non
889 701 927 764 de
949 701 1068 764 Ruricii
1095 700 1200 765 exsilio
1226 701 1318 764 intel-

176 805 311 888 legenda
339 823 407 870 osse
435 805 512 870 mihi
538 823 725 888 persuasum
753 809 810 885 est,
841 805 1026 888 pracsertim
1053 823 1125 868 cum
1138 805 1234 868 Ι00110
1257 804 1318 868 alio

176 909 245 974 loco
268 909 413 974 Ruricius
437 910 534 975 exsilii
556 911 751 976 montionem
774 910 879 974 faeiat.

220 1013 353 1079 Infirma
376 1019 470 1096 atque
493 1033 587 1098 aegra
608 1015 787 1079 ualetudine
810 1033 885 1078 usus
910 1017 958 1078 est
978 1013 1133 1094 Ruricius,
1160 1013 1248 1078 cuins
1271 1014 1319 1077 in·

177 1117 362 1183 firmitatem
385 1137 456 1184 aum
481 1137 543 1184 non
566 1120 795 1202 compatientia,
819 1119 873 1184 sed
896 1119 1080 1203 perferentis
1104 1119 1208 1183 doloro
1223 1119 1319 1200 parti-

177 1223 298 1306 ciparet
320 1223 483 1288 Rufrasius
508 1225 669 1307 episcopus
694 1223 736 1308 (p.
753 1221 828 1304 448,
846 1222 890 1306 8),
912 1224 1035 1288 litteras
1059 1222 1145 1286 dedit
1168 1223 1206 1287 ad
1228 1222 1318 1286 illum

177 1327 210 1390 Π
236 1325 289 1390 22.
330 1327 433 1392 hieme
463 1328 538 1393 dicit
568 1348 601 1392 se
632 1348 701 1393 esse
730 1329 891 1392 fortiorem
921 1327 1022 1408 solito,
1053 1327 1181 1392 aestiuis
1211 1326 1319 1390 diebus

179 1433 273 1496 etiam
297 1432 330 1496 in
352 1433 485 1514 hospitio
509 1451 564 1498 suo
589 1437 621 1497 ct
642 1433 717 1497 locis
740 1433 862 1516 frigidis
885 1432 989 1515 ipsam
1014 1430 1319 1496 consuetudinariam

177 1535 395 1601 infirmitatem
426 1540 602 1602 sustentare
632 1538 683 1600 uix
714 1537 818 1601 ualere
849 1535 892 1620 (p.
913 1534 987 1617 417,
1005 1534 1069 1620 14).
1114 1553 1195 1617 quae
1226 1551 1321 1598 cansa

177 1640 247 1719 luit,
279 1640 363 1722 quod
393 1641 516 1705 muneri
546 1641 713 1724 episcopali
739 1640 823 1705 haud
851 1658 921 1705 raro
948 1641 1092 1704 sufficere
1120 1657 1182 1704 non
1208 1639 1319 1721 potnit.

178 1762 260 1808 auno
290 1745 375 1808 enim
401 1742 466 1808 506
499 1740 573 1828 (aab
602 1743 633 1808 d.
653 1743 712 1806 HI
733 1743 815 1808 ldae
844 1742 1040 1828 Septembris
1067 1741 1274 1820 Mausolea.
1295 1764 1320 1806 c.

179 1845 321 1924 consuto,
345 1849 384 1912 cf.
402 1847 495 1914 Cone.
512 1849 593 1914 Gall,
611 1850 712 1915 colll
733 1847 811 1933 795)
835 1848 980 1914 Caesario
1003 1849 1182 1914 Arelatensi
1204 1849 1321 1932 praesi-

179 1951 273 2016 dente
289 1952 457 2042 eoncilium
472 1952 654 2038 Agathensc
669 1954 815 2018 habitum
838 1958 896 2034 est,
920 1957 961 2034 ct,
985 1972 1178 2036 quamquam
1199 1953 1320 2035 pridem

176 2057 240 2120 iam
265 2060 412 2121 sanctum
436 2062 513 2138 crat,
542 2063 587 2140 ut,
610 2058 641 2121 ri
663 2058 736 2142 quis
760 2058 969 2122 commonitus
991 2057 1197 2140 infirmitat-ia
1219 2077 1321 2119 causa

177 2157 335 2244 defuerit,
348 2182 523 2246 personum
538 2162 610 2225 uice
625 2184 688 2225 aaa
704 2161 830 2248 diripui
846 2163 898 2245 (cf.
917 2161 1010 2227 Conc.
1024 2161 1105 2228 Gall.
1119 2162 1187 2227 0011.
1202 2161 1218 2226 Ι
1232 2160 1321 2244 562),

176 2263 324 2328 Ruricius
349 2283 449 2348 neque
476 2267 564 2331 uenit
594 2285 693 2349 neque
723 2271 959 2351 procuratorem
989 2267 1085 2346 misit,
1116 2267 1171 2330 sed
1201 2266 1321 2331 litteras

175 2371 304 2434 tantum
334 2389 389 2452 per
420 2371 584 2436 diaconum
607 2371 682 2436 Uari
712 2372 850 2454 episcopi
862 2371 885 2454 ¹)
913 2370 1061 2455 Agathou
1092 2371 1211 2450 direxit,
1242 2387 1321 2451 quas

176 2491 242 2537 non
263 2474 383 2557 recepit
406 2472 581 2555 Caesarius,
609 2479 643 2539 ut
671 2475 780 2540 scribit
806 2476 838 2539 in
862 2476 998 2558 epistula
1024 2476 1061 2538 de
1083 2475 1144 2539 hac
1165 2493 1261 2539 causa
1282 2474 1321 2538 ad

176 2577 344 2642 Ruricium
373 2578 446 2643 data
476 2579 519 2663 (p,
540 2577 614 2660 448,
636 2577 702 2664 20).
747 2579 891 2644 Ruricius
922 2598 976 2644 eur
1006 2579 1046 2644 ad
1076 2579 1230 2662 synodum
1260 2597 1321 2643 non

176 2682 330 2763 uenisset,
361 2685 503 2765 exposuit
534 2682 694 2767 ep.1133
725 2684 833 2748 dicem
863 2684 974 2748 fecisse
1004 2685 1063 2748 hoc
1092 2683 1322 2763 infirmitatem,

176 2803 243 2850 non
266 2786 465 2852 uoluntatem
487 2786 529 2871 (p.
546 2786 622 2869 417,
641 2786 703 2871 12).

223 2891 261 2955 10
284 2890 396 2955 eadem
419 2889 556 2956 Caesarii
578 2893 712 2975 epistula
739 2893 849 2976 synodi
872 2892 1045 2958 Tolosanae
1072 2893 1212 2975 proximo
1240 2909 1322 2956 anno

176 2992 242 3058 507
274 2995 437 3060 habendae
467 2996 585 3062 mantio
613 2997 664 3060 fit:
698 2995 810 3059 indico
835 2996 957 3081 pietati
987 3005 1127 3073 amirae,
1160 3004 1208 3073 at,
1243 2995 1323 3079 quia

167 3097 271 3182 fidiae
293 3107 402 3162 uester·
422 3098 667 3176 Radamistum
685 3100 844 3184 potuerit,
868 3102 925 3163 boc
948 3098 1120 3163 elaborare
1148 3097 1323 3175 desiderat,

177 3211 210 3266 et
236 3203 543 3289 superueniente
570 3225 672 3266 0000
699 3203 815 3268 Tolosa
837 3203 995 3290 synodum
1021 3201 1149 3268 Christo
1171 3202 1323 3289 propitio

177 3304 366 3384 babeamus,
396 3305 455 3370 ott
478 3307 584 3386 etium,
614 3308 644 3370 si
666 3309 826 3393 potuerit,
857 3307 1026 3394 Hispanos
1054 3306 1131 3370 uult
1158 3307 1323 3393 episcopor

175 3411 363 3475 conuenire.
394 3413 576 3494 Eudamius,
599 3415 680 3496 quod
704 3416 865 3498 episcopos
888 3416 1134 3498 congregatums
1158 3417 1235 3493 erat,
1259 3415 1324 3497 epi-

176 3534 294 3601 scopus
310 3517 377 3599 ipse
391 3517 486 3582 luerit
501 3535 628 3583 neccsse
652 3522 714 3594 est;
739 3519 792 3584 sed
816 3519 994 3592 mirandum
1017 3521 1076 3598 est,
1099 3519 1180 3601 quod
1203 3519 1235 3582 in
1259 3517 1324 3601 epi·

176 3622 267 3688 stnla
296 3621 335 3684 ad
357 3621 519 3686 Ruricium
550 3622 625 3687 data
645 3620 744 3704 filiae
774 3631 882 3685 aester
910 3623 1094 3706 appellatur,
1124 3639 1220 3704 quare
1247 3623 1325 3686 scri·

175 3726 321 3793 bendum
345 3744 414 3790 esse
430 3723 528 3807 filius
550 3735 659 3789 noster
682 3728 877 3807 coniecerim,
901 3726 1014 3810 quibus
1037 3726 1141 3791 uerbis
1165 3727 1256 3790 facile
1280 3727 1325 3791 uti

175 3836 306 3917 poterat
333 3829 497 3896 Caesarius
525 3832 687 3915 opiscopus
716 3832 984 3915 metropolitanus.
1031 3851 1071 3896 ne
1097 3831 1171 3895 huic
1198 3831 1324 3912 quidem

174 3935 312 4002 concilio
335 3935 477 4000 interluit
495 3935 650 4016 Ruricius,
675 3955 747 4000 nam
764 3935 897 4002 Sedatus
920 3937 1083 4019 episcopus
1098 3935 1324 4000 Nemausensis

174 4045 211 4108 in
244 4040 380 4122 epistula
410 4040 449 4104 ad
472 4040 633 4105 Ruricium
662 4041 735 4106 data
764 4041 843 4106 haec
873 4041 948 4104 dicit
978 4038 1021 4122 (p.
1041 4037 1116 4119 446,
1133 4037 1204 4123 200
1234 4039 1325 4100 aebe-

200 4263 205 4275 .
225 4289 246 4355 ¹)
268 4285 324 4340 Leo
342 4285 476 4340 (11000010
493 4284 592 4339 missac
610 4301 628 4338 a
646 4283 756 4338 domiuo
774 4299 831 4337 meo
854 4283 922 4338 Uero
940 4284 1066 4352 episcopo
1087 4281 1239 4336 Tamum
1256 4298 1324 4338 am.

173 4375 258 4441 tatis,
278 4371 310 4426 ct.
325 4371 404 4428 Cone.
418 4369 487 4426 Call.
500 4369 587 4425 colli
604 4372 662 4428 798.
