3100 4892
619 408 716 465 Liber
733 410 762 463 II
780 412 856 465 4-5.
1262 410 1302 475 67

164 586 303 667 aduerte,
319 587 469 668 quianon
485 584 619 650 excludit
634 586 735 669 operis
756 586 906 667 studium,
928 585 981 649 sed
1002 586 1157 667 operantis
1177 586 1306 667 requirit

162 690 365 773 obsequium,
396 708 453 754 nee
479 690 620 754 laborem
651 691 811 754 seruitutis
841 693 978 769 recusat,
1010 690 1064 753 sed
1093 689 1305 753 humilitatem

162 795 280 859 mentis
300 795 447 859 insinuat.
486 795 600 858 uitium
620 812 704 877 ergo,
727 794 811 876 quod
830 794 971 858 laborem
987 794 1207 875 inperitissime
1222 794 1305 857 relu-

161 898 315 983 giendum
344 901 452 980 putee,
482 916 544 962 non
575 900 608 962 in
639 916 746 981 opere,
777 898 833 963 sed
859 899 891 962 in
919 897 1009 962 eorde
1037 898 1187 962 consistit.
1232 898 1305 962 totis

162 1021 238 1087 ergo
261 1002 382 1067 uiribus
405 987 567 1083 laborabo,
596 1003 651 1066 sed
674 1002 824 1085 quidquid
847 1003 885 1067 de
913 1020 1049 1085 superna
1069 1002 1213 1085 largitate
1235 1021 1305 1085 per·
1331 1027 1344 1069 ε

162 1126 289 1190 cepero,
317 1108 451 1191 gratiae,
478 1126 539 1172 non
566 1107 737 1171 industriae
765 1106 936 1190 deputabo,
963 1106 1150 1171 beneficium
1177 1107 1305 1187 uocabo,

162 1230 227 1280 uon
253 1212 405 1294 pretium,
433 1212 549 1275 donum
575 1212 713 1275 testabor
740 1232 825 1291 esse,
852 1230 914 1278 non
941 1211 1095 1292 debitum,
1126 1229 1306 1275 remunera-

162 1318 294 1397 tionem,
317 1334 380 1382 non
402 1316 647 1380 retributionem.
690 1317 735 1381 ita
757 1335 829 1380 cum
855 1335 891 1379 ex
914 1315 1013 1380 olficio
1036 1315 1150 1397 aliquid
1173 1316 1305 1399 agimus,

163 1439 366 1504 nequaquam
388 1438 445 1485 nos
467 1421 610 1503 inputare
637 1421 693 1484 deo
720 1438 904 1503 possumuS,
935 1421 1008 1502 quia
1035 1420 1198 1500 soluimurr,
1225 1420 1307 1502 quod

163 1525 328 1590 debemus.
374 1527 409 1588 tu
428 1543 502 1589 uero
522 1525 646 1588 diuinae
669 1544 708 1589 ne
731 1525 874 1589 inuideas
896 1524 1040 1605 bonitati,
1064 1524 1091 1587 si
1114 1541 1202 1607 opus,
1225 1524 1308 1606 quod
1334 1549 1360 1588 ιο

164 1649 184 1694 a
205 1649 259 1693 me
282 1629 337 1694 illa
359 1629 528 1693 adiuuante
550 1627 631 1694 bene
653 1632 779 1713 gestum
802 1633 863 1707 est,
892 1630 942 1693 uel
970 1630 1065 1692 etiam
1088 1633 1216 1710 accepta
1236 1647 1307 1710 per-

165 1734 308 1798 diderim.
352 1734 411 1797 hoo
440 1752 554 1817 genere
585 1752 643 1798 nee
666 1734 804 1798 conuerti
828 1752 880 1797 eos
902 1734 1090 1815 permittunt
1112 1734 1197 1797 mala
1218 1751 1308 1814 prae-

164 1838 309 1903 cedentia
332 1854 390 1901 neo
415 1838 527 1901 sanari.

719 2028 756 2091 V.

166 2172 291 2214 OOKTRA
315 2171 387 2230 noe,
410 2171 495 2219 Quor>
519 2170 649 2213 DICUNT:
679 2170 741 2213 NON
767 2170 833 2211 TAM
860 2170 975 2212 nonum
998 2170 1085 2218 QUAM
1108 2170 1170 2213 NON
1193 2170 1308 2212 Pouulu
1337 2174 1360 2213 15

167 2258 290 2301 BALUUS
305 2258 391 2317 ESSE,
412 2258 465 2307 Qui
481 2259 596 2317 Pnnnu,
617 2258 713 2299 mxu
728 2257 814 2305 QUOD
835 2258 985 2301 anemos:
1007 2259 1047 2299 ΒΤ
1062 2258 1122 2299 NON
1143 2258 1309 2299 Ponendum

663 2345 818 2386 OBEDERE.

211 2463 300 2526 Inter
330 2462 407 2526 haee
441 2481 513 2526 cum
544 2462 699 2527 Iohannes
735 2464 930 2545 euangelista
958 2466 1195 2527 commemoret:
1230 2480 1310 2543 pro-

166 2570 300 2650 pterea
320 2585 390 2631 non
410 2570 584 2650 poterant
603 2567 769 2647 credere,
794 2566 879 2648 quia
898 2568 1035 2631 iterum
1056 2567 1150 2630 dixit
1165 2566 1309 2629 Esaias:

168 2672 389 2735 excaecauit
415 2672 542 2735 oculos
570 2690 696 2736 eorum
723 2675 761 2735 et
782 2671 976 2735 indurauit
999 2688 1124 2735 eorum
1151 2688 1226 2751 eor,
1254 2670 1311 2735 hoc
1338 2696 1363 2733 20

167 2776 237 2839 loeo
261 2775 392 2840 elocutio
415 2776 561 2839 conclusa
583 2776 627 2839 sio
650 2780 789 2855 resonat,
817 2776 907 2857 quasi
936 2776 979 2839 eis
1006 2792 1067 2839 non
1091 2775 1236 2839 credendi
1258 2794 1311 2839 ne-

167 2880 302 2943 cessitas
318 2880 424 2961 inponi
444 2880 586 2944 uideatur
605 2880 722 2945 inuitis.
758 2880 813 2943 sed
834 2898 869 2943 ex
890 2880 952 2943 illis
973 2897 1099 2944 causam
1120 2880 1171 2943 uel
1187 2880 1312 2961 eulpam

168 2983 398 3048 incredulitatis
425 2988 564 3047 exortam
590 2985 622 3047 in
650 2983 913 3065 consequentibus
941 2984 1083 3048 lectionis
1110 2983 1184 3047 ordo
1212 2984 1313 3046 mani-

167 3088 266 3152 festat
288 3089 333 3151 ita
354 3088 474 3153 dicens:
497 3106 625 3153 uerum
653 3092 777 3153 tamen
806 3092 842 3152 et
870 3106 909 3151 ex
936 3086 1175 3171 principibus
1205 3086 1312 3151 multi

168 3192 412 3256 erediderunt
433 3194 469 3257 in
490 3211 587 3275 eum,
610 3193 672 3256 scd
687 3195 839 3276 propter
854 3192 1080 3256 Pharisaeos
1104 3210 1174 3255 non
1197 3192 1312 3255 eonli·
1340 3218 1365 3256 es

168 3298 362 3377 letantur,
393 3302 433 3362 ut
462 3298 505 3361 de
532 3316 722 3381 synagoga
744 3315 817 3362 non
841 3297 1062 3361 eicerentur.
1102 3296 1313 3359 dilexerunt

169 3403 267 3465 enim
290 3401 450 3485 gloriam
471 3402 663 3466 hominum
686 3403 803 3485 magis
828 3419 934 3483 quam
961 3401 1119 3484 gloriam
1146 3401 1212 3464 dei.
1258 3400 1313 3463 ab·

169 3505 274 3570 solute
300 3506 350 3570 hio
372 3506 502 3587 indicat,
532 3507 614 3570 siout
636 3511 668 3570 et
690 3506 728 3570 de
751 3506 878 3571 Simone
905 3506 1053 3589 legimus
1066 3562 1069 3567 .
1082 3505 1178 3568 etiam
1205 3503 1314 3568 infide-

169 3609 254 3674 libus
281 3611 346 3674 nim
369 3610 561 3675 credulitatis
588 3611 686 3674 luisse
716 3611 888 3690 conlatam,
919 3610 1041 3691 quibus,
1073 3610 1154 3673 sicut
1180 3608 1313 3672 facultas

170 3715 317 3780 credendi
341 3715 455 3799 adfuit,
483 3716 695 3780 itauoluntas
722 3714 823 3778 defuit
845 3712 1021 3779 confitendi.
1069 3714 1150 3796 quod
1173 3714 1313 3793 credunt,
1341 3738 1366 3777 ro

277 3870 321 3939 18]
339 3870 432 3924 Ioann.
453 3871 493 3934 12,
506 3872 547 3925 39.
601 3870 647 3939 24]
666 3869 757 3923 Ioanm
779 3872 818 3933 12,
832 3871 874 3925 42.

216 4012 324 4078 3quov
368 4007 517 4065 5laborov
551 4009 724 4077 perciperoP
757 4007 989 4064 8retributionem
1002 4026 1026 4075 o,
1039 4006 1316 4060 remunerationemP

174 4100 204 4153 11
226 4096 272 4149 illa
289 4098 397 4166 scripsi,
420 4095 466 4148 illo
484 4097 512 4149 P
571 4096 732 4164 perdiderim
751 4098 859 4165 scripsi,
878 4095 1047 4165 perdiderant
1065 4096 1099 4161 P,
1118 4093 1283 4163 perdiderint
1299 4112 1315 4147 c

174 4186 207 4239 14
226 4186 486 4254 capitationem
502 4201 588 4237 manu
604 4186 702 4238 recma
720 4184 842 4239 adiectus
864 4190 915 4237 est:
936 4184 1019 4237 roe-rba
1042 4185 1135 4235 contra
1157 4182 1247 4234 hoc-
1260 4198 1314 4233 cre-

173 4270 237 4323 dere
252 4273 377 4328 hocloco
396 4270 541 4325 deoaotia
558 4271 586 4325 P
638 4274 670 4325 18
689 4270 811 4323 iohannis
830 4272 858 4324 P
910 4270 943 4325 25
962 4270 1096 4338 phariseos
1114 4270 1142 4325 P
1191 4272 1226 4323 26
1245 4268 1315 4322 sina·

173 4374 243 4426 gogo
259 4359 287 4413 P
338 4360 372 4413 27
391 4355 528 4409 absolutae
547 4357 575 4410 P

1129 4443 1158 4495 ὃ*
