3100 4892
239 418 284 482 32
704 419 912 488 inegram

237 595 386 676 tradieat,
421 614 513 660 nemo
548 596 730 661 criminibus
764 598 902 661 remedia
939 615 994 678 per
1027 595 1166 660 laborem
1201 599 1376 659 maceratae

237 700 339 763 earnis
370 700 521 782 inquirat,
552 720 643 765 nemo
674 702 798 766 hostem
828 702 992 766 inlecebris
1023 700 1175 764 obscenae
1207 701 1376 783 uoluptatis

237 808 393 868 armatum
421 806 520 868 erueis
542 805 662 869 uiribus
685 807 887 890 reperentiat,
921 806 976 868 sed
1003 809 1112 869 eontra
1137 806 1231 887 ignea
1257 805 1377 868 inimici

236 908 338 972 iaeuia
359 909 478 972 nudum
500 914 609 991 peetus
633 914 775 993 exponat,
800 928 891 974 nemo
911 910 1016 973 debita
1039 913 1184 973 aeternae
1207 910 1300 972 morti
1323 908 1377 973 ob-

197 1030 210 1068 a
237 1013 329 1077 noxia
351 1012 595 1095 elimosynarum
617 1014 775 1078 saerideiis
799 1015 941 1093 redimat,
964 1032 1057 1078 nemo
1077 1032 1132 1096 per
1148 1031 1241 1095 opera
1256 1014 1377 1076 miseri-

237 1117 358 1180 eordiae
381 1120 476 1198 atque
497 1117 634 1181 institiae
658 1137 766 1182 euram
790 1118 972 1183 uulneribus
996 1118 1085 1197 ferat,
1114 1118 1168 1180 sed
1196 1118 1319 1201 integra
1341 1134 1377 1179 ea

238 1221 277 1283 ad
300 1222 383 1284 diem
405 1221 510 1285 iudieii
530 1242 587 1305 per
609 1242 643 1286 se
666 1222 769 1286 ferat?
809 1241 879 1287 ecoe
895 1223 956 1301 hio,
973 1223 1025 1303 qui
1040 1222 1132 1305 paulo
1149 1225 1220 1285 ante
1237 1223 1378 1285 adsertor

237 1326 356 1408 gratiae
392 1325 580 1408 putabatur,
611 1326 844 1391 intercludendo
874 1326 957 1390 niam
993 1326 1103 1389 salutis
1137 1325 1294 1390 humanae
1328 1326 1377 1388 in·

237 1433 392 1512 pugnator
414 1430 543 1512 gratiae,
570 1450 625 1513 per
653 1449 747 1513 quam
776 1432 859 1495 salus
888 1431 956 1511 ipsa
983 1431 1106 1494 conlata
1129 1434 1188 1509 est,
1219 1430 1378 1493 inuenitur

187 1550 212 1587 ιο
239 1537 271 1596 et
292 1533 325 1596 in
349 1532 463 1597 diaboli
486 1536 635 1599 transisse
659 1535 788 1598 eonsiiia
810 1534 931 1598 adiutor
953 1534 1136 1618 perditionis
1159 1533 1342 1598 ostenditur.

790 1709 829 1772 X.

240 1851 361 1891 conrad
382 1850 454 1911 1100,
476 1852 561 1900 Quor>
582 1852 698 1893 mamm*
720 1852 764 1893 ΔΙ)
780 1852 890 1893 MALUM
906 1852 1033 1893 TANTUM
1050 1852 1188 1893 alannum
1205 1850 1377 1891 ARBITRIUM

325 1938 496 1981 PROMP'I'UM
518 1939 594 1982 ESSE
618 1940 738 1999 ΗΟΜΙΝΙ,
761 1941 805 1979 ΑΒ
828 1940 934 1981 Bonum
957 1938 1095 1980 PRORSUS
1118 1938 1179 1980 NON
1202 1936 1289 1979 ESSE.
1374 1932 1380 1939 ’

282 2054 344 2119 Ubi
359 2060 408 2119 est
422 2056 498 2120 illud
514 2057 701 2140 prophetae:
725 2057 851 2121 audite
868 2075 938 2137 mo,
962 2056 1024 2138 qui
1041 2054 1258 2137 sequimini,
1282 2054 1378 2136 quod

186 2176 211 2214 1⁶
238 2162 377 2223 iustum
401 2164 468 2240 est,
492 2166 529 2224 et
551 2162 734 2243 qnaeritis
757 2160 959 2240 dominum,
983 2160 1034 2223 uel
1053 2160 1129 2224 illud
1146 2159 1294 2242 apostoli:
1319 2178 1378 2222 ne-

239 2264 345 2327 seitis
369 2266 553 2346 qnoniam,
576 2265 634 2328 eui
658 2264 843 2329 exhibetis
867 2282 932 2327 uos
958 2282 1087 2327 seruos
1114 2262 1157 2326 ad
1180 2262 1378 2327 oboedien-

239 2369 337 2449 dum,
360 2370 460 2432 serui
488 2369 580 2433 estis
605 2370 698 2449 eins,
727 2369 786 2432 eui
810 2369 1035 2448 oboedistiS,
1060 2368 1140 2431 sine
1163 2368 1309 2450 peceati
1332 2366 1377 2429 ad

238 2475 395 2536 mortem
418 2474 497 2536 siue
520 2473 770 2537 oboeditionis
795 2473 838 2536 ad
860 2472 1058 2535 iustitiam.
1099 2472 1173 2533 dum
1202 2488 1275 2553 ergo
1304 2486 1378 2551 apo-

238 2576 336 2640 stolus
360 2576 400 2639 ab
422 2576 549 2641 homine
573 2577 679 2641 studia
700 2577 829 2640 meliora
851 2577 1000 2658 deposcit,
1024 2576 1126 2640 inesse
1149 2575 1177 2637 ei
1194 2574 1378 2637 facultatem

184 2696 212 2733 ²0
237 2679 337 2744 bonae
360 2681 531 2745 uoluntatis
555 2682 700 2761 ostendit,
724 2699 819 2763 quam
842 2699 913 2743 eum
930 2680 1146 2762 praeferimus,
1171 2682 1276 2760 aperte
1297 2676 1378 2742 ordi-

238 2786 397 2848 nationem
420 2788 514 2867 atqne
530 2784 707 2849 mirabilem
723 2785 959 2867 dispositionem
976 2784 1024 2847 sui
1039 2783 1254 2866 praedicemus
1272 2785 1379 2845 aueto-

238 2889 290 2969 ris,
313 2906 409 2969 qnam
431 2888 470 2952 ad
492 2890 577 2952 iusta
598 2888 701 2953 offieia
722 2892 938 2971 praeparatam
962 2887 1045 2950 idem
1066 2886 1225 2969 apostolus
1249 2886 1378 2949 demon-

239 2995 318 3055 strat
340 2992 462 3056 dicens:
486 3010 557 3056 non
581 3010 666 3075 ergo
689 2997 822 3075 regnet
844 2996 1037 3075 peecatum
1066 2992 1102 3054 in
1130 2994 1257 3053 uestro
1286 3007 1377 3053 mor-

238 3096 308 3159 tali
330 3114 498 3179 eorpore,
528 3102 570 3161 ut
596 3096 807 3160 oboediatis
836 3096 1157 3178 eoncupiscentiis
1186 3094 1276 3159 eius.
1313 3094 1378 3157 sed

186 3216 212 3255 ²⁵
239 3220 357 3281 neque
392 3199 603 3264 exhibeatis
638 3199 805 3264 membra
839 3204 967 3264 nestra
998 3218 1097 3263 arma
1127 3198 1376 3280 iniqnitatis

238 3310 407 3387 peceato,
438 3305 501 3369 sed
533 3305 706 3368 exhibete
736 3323 804 3368 uos
834 3305 900 3368 deo
931 3308 1120 3386 tamquam
1150 3322 1190 3367 en
1218 3302 1377 3367 mortuis

239 3410 411 3473 uiuentes
435 3413 471 3473 et
493 3408 657 3472 membra
684 3412 813 3473 uestra
841 3427 940 3473 arma
966 3407 1140 3472 iustitiae
1170 3407 1245 3471 deo.
1282 3408 1376 3470 item:

237 3513 438 3576 humanum
470 3513 549 3577 dieo
579 3516 731 3595 propter
764 3513 1029 3577 infirmitatem
1061 3512 1185 3575 earnis
1215 3513 1375 3575 uestrae.

239 3618 338 3681 siout
361 3620 457 3681 enim
480 3616 707 3682 exhibuistis
731 3617 896 3680 membra
919 3620 1046 3681 uestra
1067 3616 1211 3680 seruire
1234 3616 1378 3678 inmun-

344 3807 388 3875 14]
401 3806 470 3860 asar.
484 3810 525 3871 ar,
540 3809 563 3861 1.
611 3805 653 3874 15]
667 3806 780 3870 nome,
795 3808 834 3862 ro.
877 3806 1104 3875 raphanum.
1150 3805 1377 3874 andaonem

285 3982 449 4035 lmaeerate
467 3981 494 4035 P
562 3979 795 4035 5oiimosinarnm
814 3982 842 4035 P
910 3980 1045 4048 dadquee
1065 3982 1092 4034 P
1161 3983 1245 4048 iper
1264 3994 1291 4031 se
1308 3978 1378 4031 ferat

239 4068 345 4137 scripsi,
362 4069 515 4135 perseuerat
533 4068 567 4135 P,
589 4066 739 4135 perferatv
808 4071 824 4124 8
846 4067 1066 4136 intercludendoit
1085 4069 1113 4121 P
1182 4068 1214 4121 10
1233 4063 1333 4118 diabnli
1352 4066 1380 4118 P

242 4182 274 4235 13
291 4185 429 4248 promtum
447 4180 475 4233 P
534 4196 642 4247 prossus
661 4182 701 4233 P¹
755 4183 787 4234 14
805 4146 877 4234 {dito
896 4181 923 4234 P
987 4183 1019 4235 ld
1038 4178 1227 4233 exhibuistise
1288 4193 1377 4229 seruos

240 4286 320 4322 outo
374 4268 406 4322 18
423 4265 456 4318 ad
476 4266 503 4319 P
554 4269 586 4321 21
607 4266 707 4333 adquae
726 4267 754 4319 P
806 4267 1020 4335 dispessitionem
1039 4268 1066 4321 P
1117 4270 1151 4321 22
1170 4264 1323 4318 demonstra
1337 4264 1376 4317 P¹

240 4358 274 4410 25
293 4353 418 4407 exibeatis
437 4356 464 4407 P
514 4355 548 4409 26
566 4352 689 4406 exhibeto
708 4356 735 4407 P
