3100 4892
277 421 340 485 286
717 421 777 476 1111
801 421 910 475 Sermo
929 423 969 476 16.

277 599 308 660 in
336 598 452 660 horreis
476 598 599 661 animae
622 615 697 661 suae
724 598 885 679 prouidere
912 601 944 660 et
965 613 1153 679 congregare
1174 595 1358 679 neglexerit,
1379 595 1409 658 in

277 705 439 765 aeternum
463 701 663 765 durissimam
687 701 771 764 sitim
795 704 827 763 et
849 699 1005 763 crudelem
1027 699 1163 782 inopiam
1186 697 1363 762 sustinebit.

321 805 502 869 Uertiss1me
525 807 649 886 scitote,
677 806 791 868 fratres
818 804 985 884 carissimi,
1013 803 1099 885 quia,
1127 803 1229 885 qualis
1257 807 1307 867 est
1333 819 1408 881 caro,

277 928 356 990 quae
384 913 455 992 post
483 910 596 974 multos
625 909 689 972 dies
716 909 846 991 percipit
872 907 992 989 cibum,
1020 907 1092 972 talis
1119 911 1167 970 est
1192 907 1307 987 anima,
1335 923 1408 987 quae

238 1039 250 1078 s
277 1031 338 1078 non
363 1014 489 1077 adsidue
511 1014 648 1095 pascitur
670 1013 720 1076 dei
743 1012 847 1077 uerbo.
895 1015 927 1076 et
952 1012 1104 1093 quomodo
1126 1028 1197 1075 caro
1219 1030 1274 1093 per
1296 1011 1408 1074 famem

277 1121 308 1182 et
330 1119 465 1200 inopiam
489 1118 591 1181 tenuis
609 1121 639 1180 et
661 1117 743 1180 sicca
765 1117 853 1181 uelut
869 1117 1024 1198 quoddam
1047 1116 1247 1180 simulacrum
1270 1113 1408 1191 efficitur,

276 1223 321 1286 ita
344 1226 375 1285 et
397 1223 511 1302 anima,
540 1223 566 1286 si
593 1220 680 1285 uer-bi
708 1221 758 1284 dei
781 1221 850 1285 cibo
872 1239 935 1285 non
956 1221 1104 1302 pascitur,
1131 1220 1219 1284 arida
1241 1223 1273 1283 et
1294 1219 1408 1282 inutilis

277 1330 308 1390 et
341 1327 380 1389 ad
411 1327 532 1390 nullum
566 1343 643 1407 opus
679 1325 796 1389 bouum
829 1342 966 1408 congrua
997 1326 1163 1388 inuenitur.
1209 1324 1407 1401 considerate,

277 1431 389 1494 fratres
417 1431 579 1508 carissimi,
612 1434 643 1493 et
669 1430 816 1493 borreum
843 1431 875 1492 et
900 1428 1051 1492 canebam
1078 1433 1111 1492 et
1135 1429 1296 1492 cellarium
1324 1426 1408 1491 annis

226 1562 250 1600 ro
278 1534 409 1615 singulis
424 1551 657 1617 praeparamus
681 1534 762 1597 uude
778 1550 860 1597 anno
874 1551 936 1597 uno
951 1532 1057 1597 cibum
1076 1532 1191 1596 habeat
1205 1549 1277 1595 caro
1293 1534 1407 1596 nostra:

276 1637 403 1720 putatis,
423 1642 575 1719 quantum
592 1638 742 1701 debemus
761 1638 937 1716 recondere,
960 1637 1043 1700 unde
1057 1638 1090 1700 in
1105 1641 1268 1700 aeternum
1288 1639 1408 1699 susten·

278 1745 361 1805 tetur
384 1743 488 1804 anima
510 1744 636 1805 nostra?
667 1745 698 1804 et
720 1741 798 1820 ideo,
822 1741 934 1804 fratres
956 1741 1117 1820 carissimi,
1140 1740 1192 1804 uel
1213 1740 1283 1804 istis
1305 1739 1407 1822 paucis

278 1846 386 1910 diebus
409 1847 556 1910 recedant
578 1847 790 1928 inpedimenta
805 1846 923 1924 mundi,
946 1846 1018 1927 quia
1033 1845 1204 1908 secuudum
1226 1845 1406 1926 scripturam
1508 1880 1509 1883 =

278 1952 393 2015 multos
421 1951 622 2034 neglegentes
650 1951 780 2013 miseros
807 1950 933 2013 faciunt.
978 1950 1103 2013 recedat
1124 1948 1257 2013 earnalis
1284 1947 1406 2025 laetitia,

227 2081 251 2120 n
277 2054 424 2119 recedent
446 2055 575 2118 uenenis
598 2055 691 2137 plena
714 2055 821 2118 mundi
843 2055 931 2116 istius
953 2052 1176 2117 blandimenta.
1211 2052 1313 2116 caruis
1335 2067 1407 2134 gau-

278 2160 329 2223 dia
346 2160 535 2239 minuantur,
559 2163 594 2222 ut
609 2158 729 2222 animae
746 2159 832 2222 lucra
847 2158 1024 2239 spiritaliter
1042 2160 1267 2240 praeparentur
1288 2158 1407 2238 proptor

278 2264 364 2344 illud,
381 2264 462 2347 quod
478 2265 627 2346 scriptum
645 2267 707 2327 est:
731 2281 798 2326 uae
814 2263 935 2342 nobie,
958 2263 1018 2344 qui
1040 2263 1171 2326 ridetis
1194 2279 1304 2342 nunc,
1327 2260 1407 2342 quia

277 2368 458 2452 lugebitis
483 2372 519 2432 et
541 2368 702 2448 flebitis,
731 2370 762 2430 et
783 2367 873 2430 illud:
903 2366 1015 2445 boati,
1045 2367 1108 2448 qui
1129 2367 1275 2449 lugent,
1302 2381 1405 2447 quon·

279 2475 348 2537 iarn
379 2473 452 2555 ipsi
483 2472 787 2536 consolabuntur,
822 2475 956 2552 tempus
987 2471 1069 2553 quod
1091 2470 1181 2535 nobis
1203 2470 1338 2533 furiosus
1363 2471 1406 2531 ta-

227 2605 252 2643 20
279 2577 372 2642 bulae
394 2577 485 2640 ludus
510 2575 631 2640 solebat
653 2576 786 2654 auferre,
813 2575 903 2638 lectio
926 2574 1031 2638 diuina
1057 2575 1185 2656 incipiat
1207 2591 1357 2657 occupare
1377 2575 1406 2633 et

279 2681 392 2745 odiosis
419 2678 533 2744 fabulis
557 2685 587 2743 et
610 2680 804 2744 mordacibus
827 2679 902 2742 iocis
925 2696 961 2741 ac
983 2679 1225 2742 detractionibus
1248 2675 1404 2742 uenenatis

279 2785 414 2866 alloquia
441 2785 478 2847 de
502 2784 663 2866 scripturis
687 2785 803 2847 sanctis
833 2783 1008 2846 succedant.
1054 2783 1200 2846 horarum
1230 2782 1349 2866 spatiis,
1376 2780 1404 2842 iu

279 2889 391 2970 quibus
421 2887 640 2952 uenationibus
671 2887 850 2953 solebamus
879 2905 950 2950 cum
980 2887 1094 2950 damno
1122 2886 1244 2951 animae
1271 2883 1403 2961 detineri,
1507 2954 1508 2959 ἵ

279 2993 445 3056 uisitentur
472 2991 601 3072 infirmi,
629 2993 825 3073 requirantur
851 2991 883 3054 in
910 3005 1031 3055 carcere
1059 2990 1230 3070 constituti,
1257 2986 1403 3072 peregrini
1507 3034 1508 3053 r

228 3123 254 3162 er
280 3097 488 3178 suscipiantur
511 3099 542 3159 et
563 3095 719 3160 discordes
741 3095 781 3158 ad
803 3095 998 3159 concordiam
1020 3098 1212 3159 reuocentur.

321 3201 408 3264 Haec
425 3201 451 3264 si
470 3201 630 3280 faciamus
655 3200 777 3280 iratres,
800 3200 871 3263 inde
892 3199 981 3263 nobis
1003 3216 1113 3281 parare
1135 3199 1291 3281 possimus
1313 3196 1403 3261 medi-

280 3307 433 3384 camenta,
456 3304 538 3369 unde
558 3304 647 3368 nobis
668 3305 798 3368 uulnera
816 3304 999 3367 feceramus.
1038 3305 1109 3367 ante
1132 3303 1238 3367 omnia
1256 3303 1287 3366 in
1301 3299 1402 3364 dicbus

279 3409 479 3490 ieiuniorum,
510 3409 592 3490 quod
622 3409 772 3491 prandere
803 3406 995 3489 solebamus,
1021 3406 1208 3491 pauperibus
1238 3423 1402 3492 erogemus,

386 3617 429 3685 17]
449 3615 510 3671 cuo.
524 3619 548 3681 o,
561 3621 602 3673 25.
658 3616 699 3684 re]
718 3615 813 3670 usion.
827 3619 852 3679 s,
864 3620 888 3672 o.

326 3814 443 3872 lorrcis
466 3817 495 3871 D
564 3816 732 3872 acrudilem
755 3817 785 3870 D
853 3815 971 3871 6uelud
990 3817 1020 3871 D
1089 3816 1146 3872 esi
1163 3823 1226 3873 cata
1244 3820 1270 3871 et
1286 3815 1401 3870 horreum

280 3903 344 3958 add.
363 3904 434 3973 Aup.
488 3905 564 3956 orreii
582 3905 611 3958 1)
663 3919 791 3958 cuuauam
809 3904 890 3973 dap„
909 3919 969 3956 cera
985 3902 1047 3956 bam
1063 3904 1093 3958 D
1145 3907 1178 3959 10
1195 3904 1325 3974 replemus
1336 3906 1400 3972 Δίῳ.

282 3992 315 4045 16
333 3989 490 4042 minuuntur
506 3991 536 4043 D
605 3989 735 4059 spiritalia
751 3991 824 4060 Aap.
894 3989 1066 4058 pparlfflcntur
1086 3991 1116 4046 D
1136 3991 1205 4056 (erat
1226 3991 1272 4045 atu
1293 3993 1324 4045 ia
1343 3987 1401 4054 raa)

282 4080 313 4132 17
333 4093 365 4130 ue
383 4078 412 4130 D
482 4076 546 4145 quid
564 4078 593 4131 D
663 4080 695 4133 18
712 4076 821 4144 lugiunt
842 4078 872 4132 D
941 4080 975 4132 20
997 4081 1024 4131 et
1041 4079 1148 4147 scra'por',
1168 4082 1199 4132 ut
1217 4079 1255 4149 D,
1276 4079 1400 4145 canday.

281 4164 313 4218 21
333 4161 430 4216 odiosis
448 4181 481 4218 ex
499 4163 604 4216 odiosus
623 4165 659 4230 D,
678 4163 769 4217 otiosis
788 4164 859 4233 Aap.
917 4163 1095 4218 mordiacibua
1113 4166 1142 4218 D
1203 4162 1401 4219 detractionibus

282 4249 363 4320 Aap,
382 4249 619 4304 detractationibus
632 4251 661 4305 D
713 4253 748 4305 22
765 4251 897 4319 colloquia
908 4253 980 4322 Aap.
1032 4251 1158 4355 apstiaD
1209 4249 1401 4321 aadnnpnou

283 4359 567 4418 detenerieadetereri
580 4364 609 4418 D
661 4365 693 4418 27
708 4362 856 4418 laceramus
869 4364 897 4419 D
949 4364 1186 4421 28eolebemuaD
1230 4361 1401 4436 erogamusD
