3100 4892
271 421 335 485 276
677 419 742 474 IIII.
761 419 869 473 Sermo
888 421 996 475 13-14.

273 614 351 676 quae
380 597 469 660 hodie
495 596 590 678 regio,
618 613 696 676 quac
726 595 885 677 prouincia
914 594 1137 672 transmarina,
1164 610 1326 673 quousque
1352 592 1400 655 uel

272 700 481 764 Romanorum
504 699 668 781 imperium
692 699 742 761 nel
766 697 978 763 Christianum
1001 715 1114 761 nomen
1137 696 1323 775 extenditur,
1346 713 1400 758 na-

272 805 366 868 talem
382 821 443 866 non
458 803 573 887 gaudet
588 803 742 867 celebrare
758 802 927 881 Uincentii,
950 802 1019 884 quis
1039 804 1145 866 autem
1166 800 1259 864 hodie
1275 799 1400 863 Datiani

271 907 322 970 uel
345 926 456 971 nomen
480 907 626 987 audisset,
650 907 709 971 nisi
732 908 764 970 in
779 906 937 971 Uinoentii
959 907 1104 989 passione
1126 905 1277 988 legisset?
1322 903 1400 985 quod

235 1037 248 1077 s
272 1029 344 1074 uero
367 1014 456 1076 tanta
484 1029 558 1075 oure
580 1011 717 1075 seruauit
738 1010 881 1075 dominus
908 1010 1053 1093 martyris
1076 1027 1197 1091 corpus,
1225 1007 1297 1089 quid
1319 1007 1399 1070 aliud

271 1103 507 1194 demonstrarit,
533 1115 594 1178 nisi
621 1134 654 1179 se
681 1113 873 1198 gubernasse
903 1115 1072 1193 uiuentem,
1099 1131 1193 1194 quem
1223 1130 1285 1176 non
1315 1111 1401 1174 dere-

271 1219 361 1300 liquit
395 1201 593 1282 exanimem?
644 1219 718 1282 uicit
752 1236 825 1302 ergo
859 1218 1030 1282 Datianum
1066 1217 1176 1280 uiuens
1206 1215 1401 1294 UinccntiuS,

273 1322 369 1386 uincit
397 1327 428 1386 et
455 1326 605 1387 mortuus.
653 1321 763 1386 uiuens
790 1325 946 1386 tormento
968 1321 1110 1401 calcauit,
1139 1323 1280 1385 mortuus
1305 1319 1402 1383 marie

272 1427 491 1490 transnatauit.
529 1427 583 1490 sed
606 1426 671 1508 ipse
693 1426 774 1490 inter
797 1426 897 1489 undas
920 1424 1109 1508 gubernauit
1130 1424 1263 1489 cadauer
1285 1424 1401 1486 extinc-

221 1557 247 1595 10
273 1534 351 1610 tum,
380 1531 431 1612 qui
459 1531 539 1594 inter
566 1531 699 1613 ungulas
727 1529 868 1594 animum
895 1529 950 1593 deo
978 1529 1106 1594 donauit
1132 1528 1294 1591 inuictum.
1338 1544 1400 1590 non

271 1633 356 1698 fierit
384 1633 512 1697 flamma
539 1635 664 1698 tortoris
695 1652 746 1697 cor
776 1635 856 1715 eius,
885 1651 946 1697 non
976 1633 1086 1697 mersit
1108 1650 1189 1713 aqua
1219 1631 1312 1695 maris
1334 1649 1399 1694 cor·

272 1755 330 1818 pus
360 1737 436 1817 eius,
467 1737 520 1800 sed
550 1738 582 1800 in
612 1737 660 1800 lu's
683 1737 827 1801 omnibus
858 1737 935 1801 nihil
958 1741 1008 1802 ost
1037 1737 1120 1800 aliud
1143 1737 1204 1800 nisi
1219 1735 1300 1816 quod
1322 1753 1399 1816 pre-

271 1841 369 1904 tiosa
396 1842 515 1904 estin
543 1844 744 1924 conspectu
773 1841 914 1904 domini
940 1858 1038 1905 mors
1066 1843 1285 1905 sanctorum
1307 1838 1397 1918 eius,

273 1944 311 2008 ad
338 1962 432 2026 quam
456 1945 587 2027 gloriam
610 1963 666 2009 nos
690 1945 834 2009 dominus
857 1944 915 2009 sub
939 1963 997 2008 sua
1023 1945 1215 2027 protectione
1241 1943 1398 2025 perducat,

221 2073 246 2114 rs
272 2048 321 2111 cui
344 2052 391 2112 est
413 2049 510 2112 honor
533 2052 564 2112 et
586 2049 752 2130 imperium
774 2049 808 2112 in
830 2049 955 2112 saeculo
977 2048 1183 2112 saeculorum.
1207 2047 1320 2112 Amen.

782 2275 887 2338 XIIII.

743 2434 927 2476 Antrom'rw.

314 2569 400 2652 Rogo
429 2585 496 2648 uos,
523 2567 634 2630 fratres
662 2567 829 2648 carissimi,
857 2571 903 2649 ut,
931 2567 1013 2631 sicut
1038 2567 1217 2649 frequenter
1244 2565 1398 2644 admonui,

271 2673 354 2736 diem
382 2672 489 2736 mortis
517 2674 640 2736 nostrae
664 2675 695 2734 et
718 2671 855 2736 terribile
878 2691 915 2736 ac
937 2672 1140 2736 metuendum
1167 2671 1314 2735 iudicium
1337 2674 1401 2734 stu-

220 2803 245 2842 re
272 2777 399 2852 deumus
429 2775 542 2858 iugiter
572 2776 716 2860 cogitare.
764 2776 803 2840 ad
833 2777 974 2841 omnium
1004 2777 1087 2840 enim
1113 2779 1311 2858 pcccatorum
1333 2775 1400 2838 uul-

271 2897 346 2944 nera
367 2879 453 2943 nulla
475 2879 608 2943 inueniri
637 2883 769 2960 possunt
798 2881 922 2944 utiliora
948 2879 1095 2960 remedia,
1123 2897 1217 2961 quam
1245 2881 1282 2943 ut
1307 2896 1400 2942 unus-

271 2983 400 3066 quisque
433 2985 546 3066 cogitet
582 2983 692 3047 horam
730 2983 827 3063 illam,
865 2984 987 3065 quando
1021 2983 1081 3047 erit
1113 2982 1151 3048 do
1172 2983 1308 3046 ‚saeculo
1344 2981 1402 3046 lrcc

271 3087 468 3170 migraturus.
500 3087 652 3169 quomodo
670 3088 752 3150 enim
769 3090 874 3169 potest
888 3085 966 3167 fieri,
985 3089 1021 3150 ut
1036 3086 1140 3169 aliqua
1154 3088 1263 3170 grauia
1277 3089 1402 3168 peccata

270 3195 449 3272 praesumat
472 3191 644 3271 admittere,
673 3191 725 3273 qni
752 3209 786 3255 se
813 3191 979 3256 momentis
1006 3191 1138 3276 singulis
1161 3190 1260 3256 credit
1282 3191 1319 3254 de
1344 3189 1401 3253 hac

375 3345 419 3415 12]
437 3345 537 3434 nsum
551 3349 609 3410 115,
623 3349 663 3402 15.

315 3486 328 3538 1
348 3498 482 3551 quousque
501 3483 581 3553 Aug,
600 3499 702 3552 quoque
721 3485 750 3539 D
819 3487 836 3539 3
855 3484 974 3553 uingenti
993 3485 1023 3539 D
1038 3491 1151 3554 utroque
1168 3487 1226 3542 loco
1296 3489 1313 3541 6
1331 3485 1400 3540 dere-

269 3569 334 3637 liqui
362 3572 391 3626 D
460 3574 476 3625 7
500 3571 566 3624 uicit
587 3574 658 3641 Any.
682 3572 739 3637 (sed
760 3578 874 3642 utroque
896 3574 973 3640 loco),
995 3572 1080 3626 uincit
1101 3573 1131 3627 D
1198 3573 1353 3642 ulngentu'us
1374 3575 1401 3628 D

272 3659 303 3711 12
322 3655 389 3710 aliut
407 3659 436 3711 D
506 3659 538 3712 17
557 3657 629 3726 incili
647 3658 794 3712 admonitio
813 3659 973 3712 neccessarie
990 3661 1033 3726 D,·
1053 3665 1140 3715 exstat
1157 3660 1202 3714 oie
1218 3677 1305 3717 amco
1323 3662 1399 3715 αἰαπι

269 3744 300 3796 iu
317 3743 406 3798 codice
418 3745 547 3799 Parisino
567 3746 611 3798 lot.
626 3749 712 3799 noco
729 3747 777 3814 sol.
791 3750 844 3800 107
849 3755 861 3778 '¹
877 3763 943 3802 socc.
962 3747 1040 3801 VIII
1047 3747 1103 3814 (P),
1120 3747 1192 3800 ande
1208 3763 1269 3802 cuce
1282 3748 1399 3817 deprom-

265 3835 380 3898 pserimt
392 3830 492 3884 Fausti
509 3831 621 3885 editores
633 3833 686 3898 (58,
698 3835 751 3885 876
763 3833 818 3886 M..-
836 3849 877 3900 ,ex
888 3850 935 3887 ces.
952 3833 1104 3888 Goroeieeei
1116 3833 1201 3888 literis
1212 3835 1400 3904 maouinqr'cu

269 3920 331 3970 ante
349 3933 435 3970 annos
452 3918 525 3971 mille
542 3919 686 3985 marato&
705 3915 742 3970 §di
760 3917 841 3971 fausti
860 3918 1007 3971 admonitio
1025 3919 1171 3972 necessarie
1183 3919 1215 3972 de
1227 3919 1301 3973 diem
1313 3919 1399 3974 iudicii

269 4005 296 4054 et
318 4000 448 4055 malcrum
470 4018 553 4070 poeno
576 4003 619 4057 uel
641 4003 771 4057 bonorum
795 4005 881 4072 gloria
903 4007 930 4058 et
953 4004 1023 4072 quod
1046 4006 1126 4058 ctiam
1148 4005 1209 4059 laici
1227 4021 1282 4060 non
1300 4011 1398 4060 mutato

268 4087 362 4142 habitu
385 4089 488 4157 possint
510 4093 537 4142 et
560 4088 657 4144 debent
674 4090 783 4144 cottidie
804 4091 995 4160 paenitentiam
1013 4107 1090 4159 agere
1109 4094 1136 4147 P
1205 4095 1238 4148 19
1256 4092 1397 4146 terribilem

269 4177 326 4230 DP
378 4175 527 4229 studiamus
545 4178 574 4231 D
626 4180 660 4232 20
678 4177 776 4244 iugiter
794 4178 945 4231 studiamus
962 4179 991 4232 P
1040 4176 1074 4230 ad
1091 4178 1223 4248 omniurn]
1241 4177 1400 4233 admonioP

268 4261 339 4314 enim
357 4279 407 4318 om.
428 4264 456 4317 D
508 4263 539 4317 21
559 4262 678 4316 inuenire
690 4264 718 4317 Ρ
768 4267 802 4320 22
820 4265 869 4318 hoc
887 4263 991 4318 sacculo
1004 4265 1032 4319 P
1082 4266 1116 4320 23
1133 4266 1250 4333 pctasD
1301 4265 1398 4320 lierel>

269 4346 362 4414 alequa
380 4347 407 4400 P
456 4349 491 4403 24
509 4349 589 4402 cridit
607 4351 634 4403 P
