3100 4892
279 1049 458 1134 lausai
488 1049 706 1135 misoclo
736 1050 795 1135 llll
828 1050 1034 1135 RATIONE
1067 1050 1210 1134 llblll.

731 1285 754 1345 I.

218 1441 291 1511 Quid
303 1444 530 1517 respondendum
542 1445 587 1501 est
597 1443 654 1512 his,
667 1442 716 1515 qui
728 1441 858 1515 legentes
871 1442 900 1499 iu
914 1442 1062 1515 euangelio
1074 1441 1115 1499 ita
1127 1441 1312 1516 intellegunt:

172 1548 274 1619 pater
292 1547 399 1607 maior
418 1564 467 1606 me
486 1550 554 1619 est,
580 1542 640 1627 (ut)
661 1546 751 1604 filium
775 1546 807 1604 iu
827 1545 978 1605 diuinitate
998 1546 1134 1605 minorem
1155 1563 1217 1604 esse
1235 1546 1313 1605 blas·

172 1652 329 1724 phemont?

218 1762 376 1830 Responsio.

215 1862 375 1920 Secundum
390 1862 588 1920 auctoritatem
604 1860 729 1920 omnium
745 1862 952 1935 seripturarum
968 1863 1039 1920 duae
1059 1865 1128 1919 sunt
1143 1862 1312 1921 natiuitutes

171 1965 203 2024 in
215 1966 338 2037 Christo,
355 1984 414 2027 uua
425 1984 458 2025 ex
470 1970 552 2042 patre
563 1966 679 2025 initium
694 1966 838 2037 nesciens
855 1966 922 2041 quie
933 1966 1067 2041 legimus:
1084 1966 1119 2025 iu
1134 1967 1312 2041 principio

171 2073 248 2129 erat
263 2075 403 2131 uerbum
418 2075 452 2130 et
467 2074 606 2130 uerbum
622 2073 697 2130 eret
712 2072 801 2145 apud
817 2072 911 2129 deum
928 2074 961 2129 et
975 2072 1056 2129 deus
1072 2074 1146 2129 erat
1162 2074 1311 2143 uerbum,

171 2176 201 2233 et
215 2175 265 2249 qui
279 2175 312 2235 in
326 2176 467 2251 principio
482 2179 554 2247 erat,
570 2176 649 2235 intra
664 2192 696 2235 se
710 2175 853 2235 concludit
868 2192 951 2234 omne
966 2174 1147 2249 principium.
1176 2193 1208 2233 ex
1221 2178 1312 2235 matre
1340 2196 1363 2235 ιο

171 2296 239 2340 uero
254 2279 368 2339 initium
385 2281 518 2355 sumpsit,
535 2280 610 2339 siout
621 2280 742 2354 legimus
757 2297 808 2354 per
820 2279 948 2338 Esaiam:
965 2297 1039 2338 ecoe
1051 2279 1149 2354 uirgo
1164 2279 1199 2338 in
1216 2282 1312 2341 utero

169 2384 322 2459 accipiet
341 2389 374 2444 et
392 2386 507 2460 pariet
526 2384 641 2445 filium
661 2388 695 2443 et
709 2388 883 2443 nocebunt
903 2366 1025 2444 nomen
1045 2384 1119 2443 cius
1135 2384 1311 2455 Emauuel,

169 2491 255 2562 quod
268 2490 618 2564 ininterpretatum:
634 2489 814 2550 nobiscum
826 2490 921 2559 deuS,
942 2490 970 2548 id
982 2490 1132 2547 estlateus
1144 2489 1175 2547 iu
1187 2490 1312 2548 humana

169 2591 329 2667 fragilitate
343 2594 490 2666 molestae,
512 2595 587 2653 sicut
602 2595 633 2654 iu
647 2596 756 2654 loeuue
771 2594 953 2669 euuangelista
967 2594 1102 2668 legimus:
1123 2596 1158 2653 et
1172 2596 1311 2653 uerbum

169 2715 249 2757 caro
263 2697 392 2757 lactum
408 2701 461 2757 est
476 2702 510 2759 et
524 2699 700 2758 habitauit
716 2700 752 2758 iu
766 2699 881 2758 nobis:
898 2698 930 2757 iu
941 2698 1034 2769 nobie,
1050 2698 1136 2757 idest
1151 2697 1183 2757 in
1198 2696 1309 2772 fragili-
1338 2720 1362 2759 15

168 2805 231 2861 tete
246 2804 371 2877 corporis
387 2804 490 2863 nostri.

273 2936 303 3006 4]
321 2936 524 3003 Ioenu.14,28.
561 2938 589 3007 8]
607 2936 774 3001 Ioann.l,l.
814 2936 857 3006 11]
877 2936 958 3001 Eoi,
974 2938 1012 2992 14.
1062 2936 1106 3006 14]
1125 2936 1216 2991 Ioanu.
1232 2939 1255 2999 1,
1270 2938 1308 2992 14.

216 3080 229 3132 1
249 3076 282 3130 of.
297 3076 415 3132 Gennad.
431 3077 462 3131 de
481 3078 530 3131 uir.
544 3076 581 3131 ill.
595 3094 617 3132 c.
631 3080 677 3133 86:
695 3077 748 3145 legi
768 3078 825 3130 eius
844 3082 871 3130 et
889 3077 1015 3131 uniuersus
1034 3076 1160 3129 Arrianus
1179 3081 1206 3130 et
1224 3076 1310 3131 blace-
1381 3096 1382 3101 ¹

170 3164 299 3217 douleuos
326 3181 440 3233 paruum
466 3164 596 3228 libellum,
624 3165 653 3217 iu
679 3180 730 3232 quo
758 3163 958 3217 coessentialem
985 3162 1121 3231 praedicet
1148 3164 1309 3225 trinitatum

164 3254 260 3321 prima
282 3254 458 3321 interrogatio
481 3252 513 3307 de
536 3252 634 3306 deleme
654 3254 708 3320 filii
730 3252 773 3305 dei
791 3252 829 3305 cd
847 3252 1031 3305 Arriuaorum
1052 3252 1231 3319 blasphemius
1246 3268 1308 3320 per-

168 3340 249 3405 itam
270 3341 493 3409 interroputioacu
516 3340 657 3393 ΙΙ-ΙΙΙΙ
675 3339 707 3393 de
728 3345 832 3393 nutura
854 3344 878 3392 el
900 3338 998 3391 deitate
1019 3338 1134 3406 spiritua
1160 3340 1249 3392 saculi
1271 3339 1309 3391 ad

170 3426 433 3482 macedonianorum
455 3444 557 3481 errores
578 3432 707 3495 spectant.
737 3454 768 3462 -
798 3426 917 3479 Exstant
939 3426 970 3478 ia
988 3424 1082 3478 Pilrae
1104 3426 1241 3491 anecdolo,
1265 3428 1309 3480 cai

169 3514 328 3568 iomeribilor
351 3514 436 3567 Liber
461 3515 674 3569 testimoniorum
701 3513 845 3578 (Analecta
871 3530 951 3565 sacra
978 3518 1002 3565 el
1029 3513 1143 3566 classico
1169 3514 1307 3581 spicilepio

169 3600 332 3656 Sclcemensi
340 3607 451 3669 parole,
470 3601 561 3655 Paria.
575 3606 652 3667 18118,
667 3617 696 3668 p.
710 3603 761 3652 147
772 3600 839 3668 sqq.)
858 3605 882 3653 et
900 3600 930 3652 in
942 3599 1089 3655 Bra-ainrio
1101 3599 1166 3667 fidei
1177 3600 1308 3653 aduersus

169 3688 307 3742 Arrianus
324 3688 479 3753 (Sirmoadi
496 3704 579 3756 opera
595 3688 686 3753 uacuo,
708 3688 825 3741 Vercellis
843 3689 920 3753 1728,
940 3686 1025 3741 1223
1036 3688 1103 3755 epp.)
1125 3688 1229 3755 aliquot
1248 3687 1307 3753 loci,

169 3776 217 3843 qui
235 3792 295 3829 cane
313 3776 403 3829 uerbis
420 3775 502 3829 boicae
519 3780 651 3829 tractamus
669 3775 819 3827 Faustina]
837 3779 996 3842 conprobat,
1015 3790 1098 3842 quare
1116 3790 1159 3829 eos
1180 3775 1225 3827 laic
1242 3775 1306 3841 affe-

170 3862 266 3916 rendos
283 3862 412 3916 canimus
465 3860 569 3929 Fausti]
589 3861 665 3929 Regii
684 3860 785 3915 Galliae
804 3860 883 3915 addit
901 3860 929 3913 P
979 3859 1053 3927 fidei]
1073 3864 1100 3913 et
1118 3858 1219 3927 aliquot
1236 3858 1306 3911 loeo-

168 3964 229 4001 rum
251 3948 322 4001 iuter
344 3964 370 4001 se
394 3947 500 4000 collatio
522 3949 601 4002 adca
625 3950 653 4013 S,
680 3947 714 4000 ad
737 3946 840 4000 obieeta
866 3945 997 4014 quaedam
1024 3946 1158 4015 responsio
1181 3946 1259 4000 adal-it
1282 3948 1309 3999 P

168 4039 185 4092 3
202 4035 243 4088 ite
259 4034 420 4101 intellegunt
434 4041 498 4103 post
516 4034 600 4088 maior
619 4052 660 4087 me
679 4038 720 4087 est
737 4036 892 4103 trcmpoait
910 4036 937 4088 P
1016 4035 1034 4087 4
1053 4036 1083 4086 ut
1100 4034 1207 4101 addidi,
1228 4035 1305 4087 omit-

168 4130 229 4177 tunt
247 4123 304 4189 Po,
330 4140 368 4176 aa
386 4122 456 4189 quod
475 4122 630 4176 adalaudum
647 4129 671 4176 el
688 4121 875 4190 blasphement
893 4121 1083 4178 retinendum?
1110 4122 1153 4186 (cie
1176 4121 1214 4174 ita
1235 4120 1305 4189 quod

168 4213 203 4279 cf.
220 4211 314 4275 iada)
384 4208 570 4278 blasphement
591 4211 697 4278 semem,
719 4207 907 4277 blasphement
929 4210 979 4264 Po
1052 4211 1068 4263 8
1091 4226 1159 4277 qaae
1181 4210 1306 4277 leputatur

168 4298 232 4351 lade
250 4315 267 4350 α
285 4297 374 4350 acerbes
391 4296 420 4348 iu
437 4295 567 4364 principio
580 4314 663 4365 easque
675 4297 712 4349 od
720 4313 786 4365 pap.
800 4300 859 4362 457,
873 4300 908 4349 12
926 4294 1049 4348 dominus
1069 4295 1133 4351 deus
1151 4302 1257 4354 exstuat
1275 4296 1306 4357 ip

167 4384 320 4453 Acpuetiai
337 4384 467 4438 camoenis
484 4384 575 4451 aporii
591 4386 644 4439 234
658 4384 753 4454 priore
767 4389 848 4455 paolo
