3100 4892
208 392 274 456 200
620 390 671 444 III.
691 391 844 460 Epistula
862 393 937 446 6-7.

209 567 268 632 hoc
291 568 507 651 adsurgamus,
538 567 621 648 qnod
643 587 712 632 esse
736 567 898 648 debemus,
921 567 1007 650 prius
1032 566 1215 631 studeamus
1238 567 1358 646 odisse,

210 673 291 754 quod
307 672 433 737 fuimus.
473 675 603 755 oportet,
623 675 659 735 ut
680 672 730 736 bic
752 671 838 755 prius
862 675 1002 736 mutetur
1024 671 1063 735 ad
1086 673 1196 752 uitam,
1219 672 1274 754 qui
1291 671 1359 735 illic

209 777 323 842 mutari
346 779 434 860 optat
456 776 496 840 ad
517 777 660 860 gloriam.

743 949 876 1028 VII„

172 1100 186 1139 5
211 1093 333 1134 Domino
364 1092 483 1134 BAXC’I’O
512 1094 553 1134 ΒΤ
582 1094 615 1134 m
645 1092 779 1135 cumaeo
808 1092 1052 1136 numuc'rlssmo
1081 1092 1197 1134 uanum
1227 1092 1360 1134 amuco

625 1179 763 1221 nmcouo
785 1180 935 1223 rausum.

255 1297 435 1362 Honoratus
459 1296 561 1362 officio
584 1300 648 1377 tuo,
679 1296 850 1363 honoratus
873 1297 998 1377 indicio,
1027 1299 1213 1380 prouocatus
1241 1296 1361 1362 mento

209 1405 319 1485 loquar
342 1405 447 1466 tecmn
469 1402 502 1466 in
529 1400 705 1466 hnmilitate
735 1400 868 1481 sincera,
898 1401 931 1466 in
961 1401 1107 1466 libertate
1136 1400 1295 1480 beniuole,
1327 1401 1362 1464 in

211 1507 341 1571 caritate
372 1523 435 1569 non
466 1505 549 1585 ficta,
579 1505 613 1570 iu
643 1503 739 1569 uerbo
770 1505 922 1569 ueritatis
968 1508 999 1569 et
1027 1504 1102 1569 licet
1131 1504 1209 1569 mibi
1231 1504 1362 1570 tacendi

160 1636 186 1674 rc
211 1627 340 1675 oausam
362 1609 499 1673 indicere
521 1609 670 1691 potueris,
692 1609 768 1672 dum
790 1609 928 1692 benigno
948 1626 984 1672 ac
999 1609 1094 1672 nimis
1110 1609 1235 1674 credulo
1251 1610 1363 1674 animo

210 1717 335 1779 tantum
357 1731 456 1795 paene
471 1711 548 1776 mihi
564 1715 717 1794 quantum
734 1711 790 1777 tibi
805 1713 934 1795 peritiae
950 1715 983 1776 et
997 1713 1179 1778 eruditionis
1199 1713 1362 1798 indulges,

211 1822 320 1882 tamen
342 1836 398 1898 per
420 1816 633 1900 interrogandi
656 1815 899 1880 sollicitudinem
926 1817 1092 1899 inposuisti
1119 1816 1197 1883 mihi
1227 1835 1363 1901 respon·

212 1921 305 1986 dendi
321 1922 550 2000 necessitatem,
574 1938 635 2002 qua
654 1938 727 1984 cum
748 1919 878 1984 absente
894 1938 958 1985 non
974 1921 1041 1984 sine
1057 1921 1263 2004 trepidatione
1279 1921 1363 1986 mihi

212 2026 345 2091 aestimo
368 2024 626 2106 conloquendum,
656 2025 789 2106 quiade
812 2023 906 2088 rebus
929 2029 995 2089 tarn
1025 2025 1187 2107 profundis
1214 2029 1246 2090 et
1269 2045 1362 2090 meas

162 2154 186 2194 n
213 2148 250 2194 ac
272 2134 343 2194 tuae
365 2130 448 2193 uires
472 2128 692 2193 excedentibus
715 2146 779 2193 non
802 2129 906 2194 minus
937 2129 1067 2212 periculi
1089 2133 1139 2192 est
1168 2131 1363 2212 respondere

212 2253 308 2317 quam
331 2234 489 2299 incondito
512 2234 585 2298 stilo
608 2234 750 2316 ingentia
771 2238 971 2298 sacramenta
993 2234 1198 2314 committere,
1229 2237 1263 2297 et
1289 2235 1364 2299 ideo

213 2357 321 2404 carum
344 2356 450 2403 meum
472 2338 506 2402 in
520 2337 581 2417 his,
605 2355 684 2419 quae
699 2337 793 2402 nimis
809 2340 927 2402 temere
941 2337 1081 2420 protulit,
1105 2337 1235 2402 tacendo
1256 2339 1365 2423 magis

214 2445 368 2527 castigare
391 2440 579 2507 debuissem.
617 2443 649 2505 in
672 2445 780 2506 tantae
796 2445 903 2506 antem
918 2443 963 2506 rei
979 2442 1217 2522 consultatione,
1240 2443 1274 2507 in
1298 2461 1366 2525 qua

212 2548 305 2631 longe
327 2547 413 2610 uiam
435 2547 554 2630 regiam
576 2545 740 2627 reliquisti,
771 2546 890 2627 aliquos
921 2549 1065 2629 expertae
1095 2546 1244 2610 scientiae
1273 2547 1364 2613 uiros

162 2676 188 2715 ro
215 2650 386 2715 eruditione
410 2654 504 2732 atque
527 2653 630 2714 aetate
653 2650 802 2730 seniores,
825 2650 939 2731 quibus
963 2650 1087 2714 credere
1107 2649 1229 2714 facilins
1243 2651 1365 2732 poesie,

214 2757 407 2838 interrogare
429 2754 581 2818 debueras
604 2756 778 2819 secundum
801 2755 877 2818 illud
899 2754 1131 2838 propheticum:
1162 2754 1384 2839 interroga·

214 2862 358 2942 patrem
381 2862 484 2922 tunm
508 2862 544 2923 et
566 2858 753 2923 indicabit
775 2858 861 2939 tibi,
885 2859 1054 2924 seniores
1074 2863 1157 2924 tuos
1178 2862 1214 2923 et
1233 2859 1366 2924 dicent

319 3039 366 3109 21]
385 3039 463 3093 Dent
477 3041 519 3104 32,
532 3043 556 3094 7.

318 3207 336 3260 4
354 3203 388 3258 ci.
403 3203 521 3260 Gennad.
535 3204 568 3257 de
586 3206 635 3257 uir.
649 3203 687 3260 ill.
701 3220 723 3258 c.
735 3203 884 3258 LXXXVI:
903 3208 943 3258 est
960 3207 988 3258 et
1005 3204 1061 3258 eius
1080 3203 1196 3274 epistula
1208 3205 1237 3258 in
1248 3203 1366 3259 modum

215 3291 300 3347 libelli
318 3291 353 3346 ad
372 3291 513 3345 diaconum
532 3290 666 3360 quendam
686 3290 818 3346 Graecum
837 3290 943 3344 nomine
961 3290 1041 3356 edita,
1060 3290 1105 3359 qui
1124 3307 1140 3344 a
1157 3290 1211 3344 fide
1230 3290 1368 3346 catholica

217 3379 354 3434 discedens
372 3377 406 3431 ad
419 3377 609 3432 Nestorianam
628 3377 696 3432 abiit
713 3378 886 3447 impietatem.
906 3377 935 3430 in
953 3393 1005 3446 qua
1023 3377 1137 3446 epistula
1155 3377 1282 3431 admonet
1299 3393 1366 3432 eum

217 3466 322 3521 credere
349 3468 469 3520 muctam
490 3465 605 3518 Mariam
627 3465 759 3533 uirginem
788 3480 841 3518 non
867 3463 1003 3518 hominem
1031 3481 1129 3534 purum
1157 3464 1288 3534 genuisse,
1316 3465 1366 3534 qui

216 3557 309 3623 postea
325 3552 472 3622 susciperet
491 3551 671 3614 diuinitatem,
690 3551 737 3604 sed
756 3550 836 3605 deum
855 3567 949 3605 uerum
967 3551 996 3604 in
1013 3550 1121 3605 homine
1140 3567 1210 3605 uero.

261 3725 448 3795 tmutareQ
535 3725 660 3795 gloriam]
683 3726 791 3795 explicit
808 3727 873 3782 odd.
896 3727 919 3796 Q
1005 3725 1161 3782 cumn
1187 3727 1217 3796 Q,
1240 3726 1364 3782 eiusdem

217 3813 311 3867 Fausti
339 3812 497 3880 Rhegiensis
525 3811 674 3867 Galliarum
702 3813 819 3883 episcopi
847 3817 941 3867 eontra
967 3813 1122 3868 Nestorium
1154 3813 1188 3867 ad
1215 3813 1246 3869 G.
1271 3813 1364 3869 diaco-

218 3917 283 3954 num
305 3899 409 3954 oddo
488 3903 504 3956 5
527 3897 610 3952 fratre
637 3898 660 3968 Q
737 3916 816 3968 grem
841 3901 869 3968 S,
897 3915 978 3968 grego
1005 3900 1035 3970 Q,
1059 3901 1143 3956 Grato
1165 3903 1209 3956 uel
1231 3901 1364 3970 Gregorio

216 3989 262 4042 acl
284 3986 385 4042 Graeco
408 4004 425 4040 c
494 3989 509 4040 1
534 3985 611 4038 nffbu
636 3987 659 4040 S
726 3989 743 4042 8
765 3985 891 4040 boniuola
914 3987 937 4042 S
1008 3990 1040 4042 10
1064 4004 1095 4042 ac
1118 3988 1209 4057 nimis]
1233 3987 1316 4042 acmis
1342 3991 1367 4046 S

219 4077 250 4129 ll
269 4089 337 4144 pene
352 4074 380 4141 S,
393 4088 520 4142 poenaeo
572 4073 716 4141 quantum]
735 4073 763 4126 in
776 4088 846 4141 quan
862 4075 884 4130 S
935 4073 1094 4128 erudicionis
1110 4076 1138 4142 S,
1157 4074 1321 4128 eruditiones
1339 4075 1365 4144 Q

221 4163 253 4215 12
271 4165 343 4214 tame
363 4161 391 4228 S,
410 4163 466 4213 tam
489 4158 512 4228 Q
577 4161 721 4226 laques
786 4163 817 4214 15
836 4159 1060 4217 excidentibnsS
1130 4163 1164 4216 16
1182 4161 1368 4218 odmittareS

221 4248 253 4300 19
271 4246 412 4315 experteS
462 4247 493 4300 21
513 4245 712 4314 iilii'interrogare
726 4231 945 4316 minionem)
997 4247 1229 4317 prophetecumS
1280 4248 1364 4302 intur-

126 4406 130 4413 .
221 4333 303 4400 rogali
321 4333 344 4386 S
360 4336 397 4399 (rc
415 4335 534 4402 crocum)
