3100 4892
616 437 713 491 Liber
730 437 744 489 l
763 440 838 493 5-6.
1232 438 1293 501 109

158 615 202 678 sic
226 614 311 678 enim
333 613 485 678 habemus
509 615 541 678 in
564 612 694 679 Genesi:
724 616 761 676 ct
784 613 876 677 dixit
898 614 1002 677 deus:
1026 614 1206 677 faciamus
1233 614 1294 678 hc·

155 719 303 799 minem,
324 718 499 783 etiterum:
523 718 668 782 creauit
683 717 772 780 deus
789 717 990 798 hominem,
1012 720 1042 781 ct
1056 718 1162 781 tertio:
1186 718 1294 781 bene·

157 822 249 887 dixit
270 824 304 887 ci
326 822 425 886 deus.
460 822 536 887 dixit
555 822 641 902 deus,
664 822 739 885 lecit
759 821 846 903 dena,
869 821 1028 885 benedixit
1048 821 1133 886 deus.
1168 825 1294 905 propter

154 933 216 991 tres
246 944 395 1012 personas
424 930 473 991 ter
503 927 633 991 iteratur
663 944 727 989 una
757 925 912 990 diuinitas,
952 944 1012 1008 quc
1039 927 1106 991 lccc
1134 926 1293 990 euidenter

155 1032 338 1115 mysterium
360 1032 456 1095 etiam
478 1031 607 1095 unitatis
630 1031 788 1113 intellege.
829 1048 898 1093 ecce
927 1030 1030 1113 imago
1058 1030 1105 1095 dei
1129 1035 1160 1094 et
1182 1030 1293 1095 simili-
1331 1057 1344 1097 s

154 1136 227 1199 tudo
257 1135 424 1217 unicuique
454 1136 573 1200 homini
596 1152 615 1199 a
637 1135 737 1199 tribus
769 1135 860 1198 datur
889 1138 1048 1198 ettamen
1071 1152 1223 1198 unaesse
1247 1135 1293 1198 di·

60 1306 64 1313 ,
155 1241 301 1304 noscitur.
341 1239 417 1303 dixit
439 1240 529 1303 deus:
557 1239 719 1304 faciamus.
758 1239 925 1321 diligenter
948 1238 1090 1319 adtende,
1114 1238 1188 1301 dum
1212 1257 1307 1303 unus.

154 1342 226 1408 dicit
252 1347 284 1407 et
310 1361 373 1408 ncn
400 1362 481 1407 unus
503 1343 580 1407 facit
602 1342 738 1425 dumque
761 1342 875 1407 iterum
899 1342 1048 1427 singulari
1076 1343 1194 1425 plurale
1222 1361 1292 1426 per·

154 1449 264 1512 miscet
277 1466 336 1512 nec
355 1448 444 1512 dicit:
468 1447 508 1511 ad
523 1448 676 1531 imagines
693 1450 724 1510 et
738 1446 959 1511 similitudines
975 1450 1106 1528 nostras,
1127 1448 1178 1512 uel
1194 1450 1290 1512 certe:

155 1552 192 1616 ad
221 1553 391 1637 imaginem
415 1557 445 1615 et
468 1552 705 1616 similitudinem
734 1570 848 1632 meam,
879 1552 1032 1617 unitatem
1063 1552 1290 1636 singularitate,
1318 1579 1344 1618 ιο

154 1657 329 1721 trinitatem
356 1657 535 1740 pluralitate
566 1658 773 1722 commendat.
813 1658 918 1738 itaque
948 1656 980 1720 in
1013 1675 1058 1736 co,
1091 1657 1173 1738 quod
1203 1657 1290 1721 dicit:

153 1760 304 1825 faciamus
331 1762 370 1825 ad
393 1764 545 1841 nostram,
575 1778 778 1843 personarum
809 1780 957 1825 numerus
982 1761 1162 1844 explicatur,
1193 1762 1224 1825 in
1255 1779 1290 1825 ec

154 1883 235 1946 uero,
263 1865 345 1948 qnod
368 1865 568 1949 singulariter
591 1866 649 1929 ait:
678 1866 717 1929 ad
740 1866 911 1949 imaginem
935 1869 966 1929 et
989 1866 1234 1946 similitudinem,
1258 1866 1290 1930 in

110 1952 115 1963 ’
156 1988 249 2034 unam
271 1970 481 2035 substantiam
504 1970 603 2033 deitas
625 1969 759 2034 indiuisa
782 1970 945 2053 colligitur.

196 2072 276 2138 Cum
298 2073 445 2138 Abrahae
475 2075 508 2137 in
538 2074 617 2138 cstic
647 2073 842 2138 tabernaculi
873 2062 1067 2157 apparuisset
1096 2074 1171 2138 deus
1200 2078 1232 2138 ct
1254 2093 1290 2138 cx
1317 2098 1342 2139 rc

155 2196 213 2242 unc
236 2182 299 2242 tres
322 2179 388 2242 eius
412 2198 445 2243 se
468 2178 564 2243 oculis
588 2178 772 2242 mirabiliter
795 2178 992 2257 obtulissent,
1016 2178 1048 2242 in
1070 2178 1169 2243 tribus
1191 2198 1289 2243 unum

156 2282 294 2346 conscius
317 2283 490 2347 maiestatis
514 2283 663 2347 adorauit.
702 2282 734 2345 in
756 2282 887 2365 psalmis
911 2299 1031 2364 quoque
1055 2280 1197 2347 absolute
1220 2302 1290 2366 per-

154 2388 234 2450 sonis
251 2386 315 2451 suis
336 2386 440 2451 unitas
461 2386 655 2470 designatur:
678 2406 722 2449 ue
745 2386 906 2468 proicias
930 2405 999 2468 me,
1022 2387 1130 2469 inquit,
1155 2404 1173 2451 a
1195 2386 1289 2451 faeie

153 2492 215 2554 tua
241 2494 277 2554 et
304 2491 478 2573 spiritum
505 2495 676 2555 sanctum
704 2495 808 2554 tuum
835 2510 878 2554 ne
901 2492 1051 2555 auferas
1076 2509 1094 2554 a
1116 2509 1180 2555 me.
1219 2508 1289 2554 ecce

154 2595 302 2678 propbeta
334 2596 414 2678 patri
447 2596 626 2678 supplicans
660 2613 723 2659 nen
757 2595 861 2658 minus
896 2596 1021 2677 spiritus
1056 2596 1156 2659 sancti
1194 2612 1288 2677 quam
1315 2620 1341 2659 ab

154 2699 249 2780 patris
279 2702 312 2763 et
340 2698 396 2763 filii
420 2700 597 2782 expauescit
619 2700 781 2763 offensam.
822 2719 860 2763 ne
883 2700 1028 2783 proicias,
1056 2700 1167 2781 inquit,
1198 2718 1248 2762 me
1272 2717 1290 2763 a

155 2802 229 2867 facie
256 2807 322 2867 tua.
360 2802 443 2867 lilius
473 2804 554 2868 sicut
579 2804 683 2888 imago
706 2804 813 2886 patris,
844 2804 888 2867 ita
911 2808 942 2867 et
964 2804 1059 2868 iacies
1086 2804 1184 2885 patris
1209 2804 1290 2867 acei-

154 2906 243 2988 pitur.
278 2910 310 2971 ct
331 2908 399 2972 ideo
423 2908 569 2992 legimus:
600 2908 790 2991 Philippe,
821 2908 884 2990 qui
906 2908 1011 2972 uidet
1033 2926 1103 2989 mc,
1127 2908 1231 2972 uidet
1253 2911 1290 2971 et

154 3013 305 3092 patrem,
337 3012 427 3075 item:
452 3012 602 3094 quoibe
626 3030 645 3076 a
667 3013 803 3095 spiritu
827 3015 889 3077 tuc
913 3016 949 3076 et
971 3030 1040 3095 quc
1064 3031 1082 3076 a
1105 3012 1200 3076 facie
1227 3015 1289 3076 tua

154 3114 313 3198 fugiam?
337 3116 474 3197 aduerte,
497 3116 601 3198 infide,
623 3118 779 3199 perfectae
802 3117 1005 3181 confessionis
1028 3117 1211 3201 mysterium
1234 3117 1290 3181 tri·
1315 3142 1341 3183 rs

156 3218 267 3284 nitatis.
291 3220 443 3303 propheta
465 3222 504 3285 ad
526 3223 649 3303 patrem
670 3222 819 3302 loquitur,
842 3221 955 3285 faeiem
979 3222 1076 3304 patris
1099 3220 1198 3285 lilium
1218 3238 1289 3303 pro·

255 3392 284 3461 2]
303 3392 461 3457 (1911127.
534 3392 599 3447 Gen.
614 3396 638 3457 l,
650 3395 691 3449 28.
748 3394 790 3461 15]
811 3392 931 3457 Geulil,
947 3395 967 3448 1.
1022 3394 1067 3463 18]
1080 3392 1178 3447 Psalm.
1192 3396 1233 3457 50,
1248 3395 1287 3448 13.

159 3476 201 3547 23]
218 3478 309 3533 Ioann.
325 3481 365 3544 14,
378 3482 401 3535 9.
455 3480 501 3549 24]
519 3479 618 3534 Psalm.
632 3482 690 3544 138,
702 3482 726 3533 7.
789 3489 792 3494 ·

196 3634 351 3690 2tercioP
403 3634 567 3690 ldiuiuitas
582 3638 609 3691 V
659 3636 844 3738 btmisterium
858 3638 886 3691 P
936 3634 1066 3705 hunitctis
1082 3638 1114 3705 V,
1132 3636 1288 3692 trinitatisu

156 3747 294 3802 tattende
312 3748 341 3802 P
399 3750 491 3804 8nun
508 3750 536 3805 P
595 3748 693 3818 plurali
715 3751 741 3804 V
755 3750 789 3816 (ἔ
804 3768 875 3804 maa.
889 3752 948 3816 alt.)
1000 3754 1121 3805 ilnonc
1179 3752 1208 3806 ll
1228 3749 1288 3819 plu-

155 3833 283 3889 ralitatem
306 3836 333 3891 V
382 3836 444 3904 quia
460 3838 489 3891 P
550 3838 583 3892 12
602 3835 742 3905 faciamus]
761 3836 897 3890 hominem
915 3838 1014 3893 addc
1078 3836 1123 3905 ad]
1143 3837 1286 3905 imaginem

155 3922 184 3976 ia
199 3940 283 3993 marg.
297 3922 360 3978 add.
374 3924 412 3978 P²
474 3926 507 3981 13
525 3940 587 3978 uero
606 3942 657 3980 om.
676 3925 704 3977 P
764 3924 827 3991 quia
844 3924 871 3977 P
922 3925 960 3977 ait
978 3942 1028 3979 cm.
1047 3926 1076 3977 P
1139 3927 1171 3980 14
1190 3924 1286 3977 dicim-

157 4036 226 4091 tasv
293 3994 434 4105 ccllbgitur
455 4036 520 4103 V(i
538 4039 683 4104 maaalt.)
751 4040 783 4093 16
802 4037 857 4090 eius
876 4038 976 4093 cm.V
1037 4039 1069 4092 ll
1088 4036 1243 4105 magestatis
1261 4039 1289 4092 P

158 4122 256 4189 psalmo
275 4123 303 4178 P
359 4126 391 4180 18
405 4141 459 4193 pro
477 4124 531 4177 suis
549 4125 659 4179 uidetur
677 4122 790 4192 singulis
807 4124 976 4180 scribendam
1034 4127 1066 4180 19
1084 4127 1111 4178 at
1129 4124 1285 4193 spiritum—

157 4209 187 4263 22
208 4209 275 4264 iacie
297 4213 345 4263 tua
366 4228 418 4266 cm.
436 4212 470 4278 P,
494 4210 559 4266 cdd.
577 4211 616 4265 Ρ2
693 4209 982 4279 annuntiandis
1057 4213 1090 4267 23
1109 4226 1150 4265 me
1169 4209 1243 4264 uidet
1261 4211 1288 4264 P

155 4295 387 4368 niditVeetrcquc
405 4298 462 4353 loco
514 4297 645 4366 alitem]
664 4298 805 4351 etiterum
823 4299 849 4352 P
900 4300 934 4353 25
953 4299 980 4352 in
998 4298 1083 4353 lidcv
1136 4300 1169 4353 26
1187 4296 1284 4367 lilium]

155 4383 233 4449 patris
250 4385 313 4439 add.
327 4386 355 4439 P
