3100 4892
489 445 717 515 Epistularum
734 445 790 500 lib.
803 445 832 499 H
850 447 943 501 9-10.
1225 443 1290 509 385

153 625 197 701 ut,
228 639 305 703 qnos
335 621 386 686 hic
412 621 545 686 uentate
572 622 741 702 coniunxit,
771 621 835 686 illic
857 620 1047 686 habitatione
1070 637 1132 684 non
1155 623 1289 702 separet.

150 726 390 808 promissionem
421 729 562 790 restam
591 727 732 791 recolens
762 726 948 809 peculiarius
977 742 1062 808 rogo,
1096 727 1132 788 ut
1161 725 1290 789 fratrem

150 829 330 895 Pomerium
364 831 513 895 sanctitas
544 833 651 895 nestra
680 849 743 896 non
773 831 875 895 solum
905 847 967 895 non
997 830 1145 910 retineat,
1179 847 1290 892 nerum

153 935 250 999 etiam
266 934 306 998 ad
321 953 377 1000 nos
393 936 500 1000 uenire
516 935 672 1017 conpellat
686 938 869 1018 partemque
886 952 975 999 snam
991 933 1081 998 nobis
1097 932 1290 997 indiuiduam

150 1057 207 1121 per
222 1039 384 1121 utriusque
399 1040 603 1103 transmittat.
635 1057 693 1104 nec
709 1057 781 1103 enm
798 1038 920 1102 anobis
936 1037 1105 1117 discedere,
1129 1037 1155 1100 si
1178 1037 1217 1100 ad
1239 1055 1290 1100 me
1316 1063 1329 1102 s

151 1145 327 1224 accesserit,
350 1144 501 1225 iudicetis,
525 1144 599 1226 quia
621 1146 653 1207 et
674 1160 730 1207 nos
753 1144 804 1207 bic
827 1144 966 1208 inueniet
987 1143 1020 1206 in
1043 1161 1095 1206 me
1118 1145 1236 1206 etcum
1253 1158 1289 1205 eo

150 1265 208 1312 nos
239 1247 397 1312 residente
427 1265 563 1332 corpore,
593 1251 629 1311 ut
652 1247 847 1327 confidimus,
878 1247 969 1311 corde
993 1246 1134 1310 uenietis.
1181 1247 1236 1310 sad
1259 1249 1291 1310 et

150 1353 227 1416 inde
243 1370 306 1417 non
325 1371 458 1435 paruum
481 1352 619 1416 fructum
641 1351 757 1416 habere
779 1353 931 1435 poteritis,
956 1352 983 1415 si
1004 1351 1161 1415 rusticitas
1185 1353 1292 1414 nostra

150 1456 293 1521 doctrina
314 1457 410 1539 ipsius
434 1456 551 1538 aliquid
574 1457 606 1520 in
629 1456 678 1518 dei
701 1457 813 1520 timore
835 1456 1009 1538 profecerit.

703 1699 742 1763 X·
1161 1681 1164 1688 Δ
1319 1739 1344 1777 ro

151 1860 274 1902 DOMINO
304 1861 425 1901 animan
456 1860 537 1901 SUAE
566 1862 606 1900 ΕΤ
633 1861 666 1906 lbl
693 1858 826 1901 GHRISTO
849 1859 969 1902 nomino
992 1859 1175 1902 urscnnmna
1197 1859 1292 1900 ΕΧΟΟ-

336 1947 441 1987 LENDO
464 1947 602 1988 Pounnlo
625 1946 740 1988 Annam
763 1946 908 1988 numeros
932 1945 1109 1989 malacenus„

196 2081 359 2164 Sapientes
382 2081 499 2145 saeculi
519 2081 635 2146 amicos
651 2080 728 2145 duos
742 2099 840 2144 unam
856 2081 992 2146 animam
1008 2079 1124 2145 habere
1141 2080 1293 2162 diremnt,

152 2185 237 2268 quod
268 2203 326 2269 ego
356 2187 451 2250 etiam
475 2185 683 2250 ecclesiastico
706 2186 886 2249 testimonio
908 2204 1019 2249 nerum
1043 2203 1111 2249 esse
1134 2185 1293 2266 confirmo,

152 2309 213 2373 qno
237 2290 296 2354 ait:
327 2289 564 2354 credentium
595 2292 719 2354 antem
750 2292 830 2354 erat
858 2290 981 2354 anima
1012 2293 1046 2352 et
1075 2306 1137 2352 cor
1165 2307 1292 2369 unum,
1320 2311 1345 2350 ιι

151 2413 252 2460 unum
282 2395 388 2476 ntique
416 2394 556 2474 caritate,
585 2411 648 2457 non
670 2411 812 2474 numero,
844 2397 875 2458 et
896 2392 969 2457 fidei
993 2392 1200 2475 simplicitate,
1231 2409 1293 2457 non

153 2498 372 2582 singularitate
398 2515 559 2580 personae.
603 2497 662 2562 boc
685 2515 758 2580 crgo
781 2496 924 2580 praedico
947 2497 1113 2580 proboque.
1160 2514 1233 2561 nam
1257 2515 1294 2561 ex

154 2621 216 2686 qno
248 2621 267 2666 a
295 2606 403 2667 nestra
431 2602 639 2668 unanimitate
670 2601 813 2681 discessi,
848 2601 983 2666 diuisum
1015 2620 1082 2666 esse
1113 2621 1163 2665 me
1194 2602 1294 2665 sentio

152 2710 336 2790 partemque
363 2724 468 2770 meam
490 2706 655 2770 nobiscum
675 2705 829 2770 resedisse
853 2723 1005 2789 cognosco
1028 2723 1085 2769 neo
1111 2705 1294 2770 absentibus

153 2809 246 2874 uobis
268 2811 425 2892 integrum
448 2829 515 2873 osse
538 2828 588 2873 me
608 2809 699 2873 credo
716 2812 756 2889 et,
777 2828 849 2873 cum
865 2829 916 2873 me
931 2811 964 2874 in
980 2827 1031 2873 me
1047 2827 1108 2874 non
1123 2809 1293 2888 inueniam,
1322 2833 1347 2871 oo

154 2914 238 2997 apud
265 2931 321 2978 nos
343 2931 394 2976 me
417 2914 456 2978 ad
479 2933 535 2978 uos
557 2932 718 2996 regressus
740 2914 864 2995 inquiro
888 2917 980 2996 atque
1003 2913 1118 2978 ibidem
1142 2916 1293 2995 qnantum

155 3019 218 3081 mei
251 3016 339 3081 uobis
370 3017 543 3098 reliquisse,
578 3021 703 3081 tantum
733 3017 832 3082 uestri
863 3036 987 3082 mecum
1021 3016 1187 3081 abstulisse
1221 3035 1294 3081 con-

154 3122 262 3203 spicio.
301 3124 333 3184 et
355 3121 560 3202 omnipotenti
583 3121 639 3185 deo
662 3121 780 3203 gratias
809 3140 901 3203 super
924 3125 990 3185 tam
1014 3119 1190 3185 admirabili
1212 3121 1294 3184 facto

156 3226 223 3290 eius
253 3225 363 3305 refero,
394 3226 475 3307 quod
505 3226 549 3290 ita
575 3226 713 3309 generali
736 3225 872 3289 tribuere
896 3226 1125 3308 dispensatione
1148 3225 1294 3308 dignatus

156 3336 215 3410 est,
245 3333 282 3394 nt
311 3330 478 3409 intereos,
510 3347 587 3411 qnos
609 3330 748 3394 locorum
771 3329 939 3393 interualla
962 3329 1185 3408 discriminant,
1215 3327 1296 3392 liber
1321 3351 1347 3392 ιι

156 3453 193 3497 ac
215 3434 311 3498 nullis
333 3435 498 3498 conclusus
522 3434 683 3498 absentiae
705 3433 828 3518 legibus
851 3433 975 3498 animus
998 3437 1187 3497 commearet
1202 3432 1295 3496 nihil·

156 3557 216 3620 que
247 3542 331 3602 esset
359 3543 425 3602 tam
447 3538 683 3621 inpenetrabile,
714 3538 796 3620 qnod
820 3540 933 3602 mentis
957 3537 1133 3621 aspectibus
1157 3555 1218 3602 non
1240 3555 1296 3619 pa-

262 3752 307 3822 rs]
326 3752 386 3808 noc.
398 3755 423 3817 4,
436 3755 478 3808 aa.

200 3952 341 4022 euenum]
360 3952 488 4008 nestrirS
539 3951 808 4020 dinumeratam
826 3951 1001 4006 diuiduumc
1053 3951 1112 4021 per]
1128 3967 1148 4021 p
1162 3951 1191 4021 S,
1209 3969 1259 4007 om.
1273 3969 1296 4018 o,

156 4027 410 4108 redintegrationem
436 4057 470 4095 eu
489 4041 526 4108 pl.
548 4041 734 4095 Mommeemcs
805 4039 1044 4095 encaeniare
1117 4037 1300 4107 opfieerits

159 4127 299 4183 llsucS
368 4129 401 4182 12
419 4057 653 4196 affirmans
724 4126 951 4190 launomaro,
970 4144 1066 4181 cerro
1137 4127 1170 4181 15
1193 4123 1263 4192 quod
1282 4144 1311 4206 c·

159 4216 190 4268 17
208 4213 362 4282 personari
415 4216 448 4269 18
466 4213 625 4269 discensio*
675 4211 802 4268 sencioS
852 4216 887 4268 22
905 4214 957 4266 mei
974 4231 998 4276 c,
1017 4229 1059 4264 me
1079 4211 1163 4267 SKr.
1217 4209 1297 4265 relin-

158 4300 247 4367 quisse
259 4301 284 4356 S
334 4301 368 4354 23
382 4298 600 4368 deo—consistit]
618 4303 652 4368 cf.
666 4300 770 4354 Fausti
781 4317 821 4368 cp.
835 4299 866 4354 X
874 4317 904 4369 p.
917 4303 976 4365 215,
990 4303 1023 4352 19
1035 4316 1089 4368 sqq.
1103 4305 1127 4352 cl
1139 4299 1207 4354 Rwr.
1219 4299 1299 4353 1152

158 4389 191 4441 25
209 4386 368 4439 discrimant
386 4387 410 4442 S
460 4390 495 4442 26
513 4385 740 4440 conclusabsentie
761 4387 785 4442 S

208 4480 263 4522 111.
277 4479 351 4522 ranst.
1110 4475 1142 4523 25
