3100 4892
504 466 729 536 Epistularum
748 465 803 520 lib.
816 466 845 521 11
864 469 975 523 34-36.
1241 466 1304 529 421

163 642 333 723 caballum,
365 643 491 724 qualem
520 639 610 705 uobis
640 640 777 704 sciebam
811 660 880 703 esse
907 642 1130 721 necessarium,
1160 659 1306 705 mansue-

162 748 272 812 tudine
287 746 456 829 placidum,
480 745 629 809 urembris
645 744 796 823 ualidum,
819 743 945 808 firmum
960 743 1080 824 robore,
1101 746 1202 808 forma
1216 763 1306 825 prae-

162 854 311 931 stantem,
335 853 456 914 fectura
478 850 683 931 conpositum,
715 849 828 915 animis
852 852 1072 931 temperatum,
1103 848 1222 911 scilicet
1249 868 1310 912 neo·

161 955 310 1018 tarditate
340 954 465 1037 pigrum
497 972 554 1017 nec
584 953 748 1017 uelocitate
779 970 1031 1037 praeproperum,
1062 952 1111 1015 cui
1140 951 1247 1015 frenus
1275 955 1306 1016 et

161 1059 311 1122 stimulus
343 1058 383 1121 sit
412 1057 551 1121 sedentis
581 1056 757 1139 arbitrium,
789 1059 839 1122 oui
869 1058 906 1121 ad
939 1054 1135 1120 euchendum
1165 1074 1243 1119 onus
1274 1059 1306 1119 et
1345 1084 1357 1121 s

160 1162 244 1225 uelle
275 1165 421 1245 suppetat
449 1161 565 1243 pariter
596 1165 627 1225 et
656 1179 758 1244 posse,
790 1163 835 1225 ita
861 1165 896 1225 ut
919 1178 975 1225 nec
999 1160 1088 1223 cedet
1110 1159 1304 1243 superposito

160 1285 221 1329 uec
244 1266 378 1348 deponat
400 1265 581 1348 inpositum.
621 1270 773 1348 superest,
797 1270 833 1330 ut
855 1266 1013 1346 rescripto,
1038 1264 1191 1345 quomodo
1215 1263 1304 1328 uobis

158 1369 295 1453 placeat,
317 1370 471 1450 indicetis,
496 1368 671 1451 quamlibet
692 1369 736 1433 ita
759 1370 797 1433 de
822 1368 979 1434 indiuiduo
1003 1368 1079 1431 mibi
1101 1368 1192 1431 corde
1214 1386 1304 1451 prae-

159 1492 298 1553 sumam,
330 1473 410 1555 quod
442 1472 530 1537 uobis
562 1474 656 1536 etiam
686 1474 771 1537 mala
794 1492 813 1536 a
835 1492 884 1537 me
908 1472 1085 1552 commissa,
1117 1490 1179 1536 non
1202 1470 1303 1535 dicam

159 1580 348 1641 transmissa
370 1577 581 1660 conplaoeant.
620 1580 709 1641 tante
732 1580 780 1641 est
803 1578 887 1642 enim
910 1576 1025 1660 integri
1047 1576 1094 1639 uis
1118 1575 1243 1657 umbrie,
1269 1580 1305 1639 ut
1332 1604 1355 1643 ιο

158 1682 192 1745 iu
217 1682 353 1745 amioum
376 1681 420 1745 nil
444 1680 618 1762 displiceat,
642 1698 713 1744 cum
738 1683 838 1765 magis
863 1681 980 1745 malum
1005 1679 1166 1763 displicere
1191 1678 1304 1744 debeat

158 1787 198 1849 de
222 1786 331 1849 amieo.
368 1788 401 1848 et
423 1783 497 1848 hinc
518 1784 595 1848 illud
619 1788 676 1865 est,
700 1787 783 1867 quod
805 1784 921 1849 iudicia
942 1784 1105 1860 hominum
1128 1786 1182 1847 aut
1197 1800 1302 1847 amore

157 1890 402 1973 praepediuntur
426 1891 480 1953 aut
501 1888 581 1969 odio,
604 1894 639 1953 ut
660 1893 746 1953 reeta
765 1907 827 1954 non
843 1889 1011 1972 proferant,
1045 1905 1101 1951 uos
1117 1905 1201 1967 uero,
1225 1905 1301 1968 quos

157 2013 217 2059 nec
248 1992 353 2057 odium
385 1996 547 2075 exasperat
575 2011 632 2056 nec
662 1992 839 2057 inflammat
862 1992 990 2072 inuidia,
1021 1994 1053 2056 et
1073 1991 1156 2055 iocos
1179 1994 1301 2055 nostros

156 2098 292 2161 libenter
322 2098 452 2180 accipite
482 2102 513 2161 et
543 2096 580 2160 de
612 2098 762 2179 sospitate
791 2101 896 2161 uestra
919 2097 969 2160 uel
993 2095 1113 2160 actibus
1136 2093 1301 2158 affluenter
1330 2124 1353 2162 1⁵

157 2202 315 2281 instruite,
347 2204 390 2281 ut,
422 2200 497 2264 dum
527 2219 583 2264 uos
614 2201 730 2265 diutius
760 2200 906 2284 legimus
937 2199 1092 2283 copiosius
1120 2196 1298 2263 inbuamur.

155 2323 212 2369 ora
234 2322 289 2387 pro
313 2323 373 2368 me.

657 2460 801 2524 XXXVI.

154 2622 276 2663 DOMINO
293 2620 413 2662 SANCTO
430 2623 470 2662 ΕΤ
490 2620 683 2661 aposromoo
706 2621 841 2669 ulmeus}
869 2622 900 2661 lu
924 2620 1056 2662 oualsro
1080 2619 1200 2661 DOMINO
1225 2618 1298 2662 SPE·

155 2709 305 2750 cuman
336 2708 522 2749 EXGOIAENDO
551 2708 666 2748 uanum
699 2707 852 2748 consumo
881 2706 1031 2749 uarscoro
1057 2706 1203 2749 autumus
1231 2707 1297 2747 nal·
1325 2714 1351 2751 20

668 2793 792 2836 SOOPUS.

200 2929 261 3009 Qui
290 2930 467 2993 occasiones
498 2927 652 2992 scribendi
682 2928 771 2993 uobis
802 2930 937 2993 inuicem
960 2947 1015 3011 pro
1039 2932 1148 2993 mutua
1171 2930 1297 2993 caritate

153 3033 352 3114 inquirimus,
383 3032 504 3095 oblatas
534 3033 785 3115 praetermittere
817 3050 878 3097 nou
909 3032 1069 3113 debemus,
1100 3036 1136 3096 ut
1159 3033 1298 3097 conferat

153 3138 246 3202 uobis
282 3137 437 3219 quandem
471 3138 666 3220 praesentiae
700 3138 875 3220 portionem
908 3155 1010 3201 sermo
1042 3137 1209 3217 mediator,
1244 3137 1297 3219 qui

154 3241 311 3305 emittitur
331 3261 388 3305 nee
411 3242 573 3322 amittitur,
601 3241 748 3305 tribuitur
772 3246 803 3305 et
825 3240 969 3321 habetur,
993 3241 1115 3304 uidetur·
1139 3240 1297 3304 discedere
1324 3270 1348 3307 ss

153 3365 213 3409 nec
235 3345 361 3426 recedit,
392 3364 410 3408 a
433 3364 484 3409 me
507 3346 661 3429 dirigitur,
686 3364 704 3409 e
727 3349 758 3409 te
783 3346 961 3427 suscipitur,
985 3362 1003 3407 a
1024 3364 1075 3407 me
1099 3343 1255 3425 scribitur,
1278 3364 1296 3408 a

154 3455 185 3514 te
206 3450 322 3532 legitur
345 3468 401 3512 nee
421 3452 527 3513 tamen
544 3449 701 3530 diuiditur,
725 3468 797 3513 cum
814 3450 903 3531 quasi
918 3448 1037 3512 diuisus
1053 3448 1173 3533 integer
1189 3451 1295 3513 temen

153 3554 317 3635 utriusque
347 3554 438 3617 corde
469 3557 621 3634 teneatur,
652 3554 726 3635 quia
755 3551 842 3617 uerbi
874 3572 958 3617 more
989 3553 1086 3616 diuini
1109 3553 1241 3616 traditur
1265 3559 1296 3617 et

153 3676 217 3722 non
241 3658 409 3741 egreditur,
433 3658 589 3721 confertur
612 3658 764 3741 indigenti
788 3662 819 3721 et
842 3676 902 3722 non
926 3658 1066 3721 aufertur
1089 3658 1217 3736 auctori,
1245 3676 1295 3721 ao-

196 3882 362 3952 2plaeitum
382 3888 405 3939 S
457 3884 535 3936 firma
553 3886 576 3937 S
628 3884 700 3952 let]
720 3900 784 3938 ace
838 3882 1088 3937 bheuehendumS
1139 3881 1296 3937 ticaedatS

153 3974 224 4027 lut
245 3989 268 4039 v,
293 3971 362 4025 &S
431 3972 610 4037 apraesunra
634 3973 657 4025 δ’
727 3972 756 4025 11
783 3971 867 4023 amico
890 3971 983 4037 eKr.,
1007 3968 1123 4023 amicum
1145 3970 1243 4023 orrrbso
1265 3968 1294 4021 iu

151 4060 337 4114 Mommseaae
392 4061 424 4112 12
443 4057 475 4110 de
488 4058 573 4109 amico
586 4076 666 4113 oeae
719 4056 816 4111 iuditia
829 4060 851 4113 S
905 4059 936 4112 13
949 4056 1181 4125 praepedianturo
1232 4071 1293 4123 pro-

152 4148 243 4199 ferant
269 4146 460 4211 Mommsenio,
480 4143 628 4213 pferebaut
652 4146 680 4213 S,
707 4143 877 4213 proferentur
900 4162 915 4199 a
987 4146 1018 4198 14
1040 4142 1110 4196 iocos
1133 4161 1156 4211 o,
1178 4140 1248 4195 locos
1272 4146 1295 4199 S

154 4236 186 4288 16
198 4230 332 4300 copiosius
346 4234 382 4287 S¹
437 4234 469 4286 19
482 4230 612 4286 domnoc
665 4230 760 4285 mihin
813 4234 846 4286 22
861 4230 949 4298 qui-
956 4248 985 4299 p.
999 4234 1087 4298 laea
1103 4229 1291 4299 possessorem]

151 4322 241 4388 oflcp.
255 4318 323 4371 115
375 4317 519 4371 occasionis
539 4320 561 4371 S
612 4320 646 4371 24
664 4317 816 4386 porcionem
836 4320 858 4371 S
911 4316 1040 4369 mediator
1062 4334 1085 4385 a,
1109 4314 1294 4371 meditatorS

150 4408 184 4460 25
204 4402 358 4457 discendere
378 4404 401 4459 S
451 4406 485 4457 27
504 4404 607 4471 integer
626 4422 649 4473 v,
668 4404 767 4472 integri
787 4406 809 4459 S
