3100 4892
633 423 730 478 Liber
747 424 762 477 1
783 426 820 480 ll.
1240 421 1301 489 123

160 601 370 665 substantiam
385 602 531 682 pertinet,
555 602 638 684 quod
653 601 809 682 subsistit,
833 600 872 666 ad
887 617 1035 685 personas
1055 601 1201 684 pertinet,
1219 601 1301 683 quod

158 707 279 788 proprie
303 705 364 770 sibi
386 723 590 788 unaquaeque
614 704 767 770 subsistit.
804 705 970 789 discipulos
994 723 1067 770 suos
1082 705 1200 770 Paulus
1224 706 1302 769 allo·

159 811 264 893 quitur
292 811 413 875 dicens:
447 828 518 875 nou
550 809 779 895 subterfugi,
810 811 1006 892 quominus
1038 810 1300 875 adnuntiarem

159 934 265 980 omne
289 915 488 980 consilium
511 915 570 980 dei
585 913 703 980 uobis,
737 915 931 980 adtendite
951 915 1058 980 uobis
1075 916 1301 980 etuniuerso

158 1021 280 1105 gregi,
311 1021 348 1085 in
378 1039 448 1102 quc
478 1038 543 1084 uos
574 1021 731 1104 spiritus
763 1024 917 1086 sanctus
947 1021 1074 1104 posuit
1105 1020 1301 1104 episcopos
1340 1047 1353 1086 s

159 1144 291 1210 regere
321 1126 520 1190 ecclesiam
551 1125 624 1206 dei,
655 1143 763 1207 qnam
792 1125 1000 1207 adquisiuit
1023 1125 1204 1210 sanguine
1227 1143 1300 1190 suo.

158 1248 254 1312 quam
277 1230 411 1294 dilucide
433 1230 575 1313 personis
599 1230 663 1294 suis
685 1234 753 1295 tota
774 1230 897 1294 trinitas
914 1230 1103 1313 designatur.
1139 1228 1302 1294 consilium

160 1335 210 1399 dei
233 1335 333 1419 patris
357 1335 533 1415 adnuntiat,
564 1335 725 1418 episcopos
749 1353 768 1399 a
791 1335 900 1419 spiritu
924 1339 1032 1400 sanctu
1056 1335 1211 1399 ordinatos
1235 1353 1303 1398 esse

158 1439 334 1521 confirmat,
364 1441 458 1504 deum
489 1441 584 1504 etiam
608 1439 779 1522 Christum,
810 1441 899 1504 cuius
930 1439 1083 1524 sanguine
1110 1439 1305 1504 ecclesiasti

158 1547 327 1629 adquisita,
351 1545 553 1610 demonstrat.
1329 1569 1354 1610 rc

201 1651 253 1716 Ad
275 1650 434 1716 Romanos
465 1651 561 1715 etiam
591 1651 714 1715 trinitas
737 1651 796 1715 sub
819 1649 984 1726 nominum
1006 1651 1194 1734 proprietate
1218 1649 1304 1734 dige-

157 1757 252 1821 ritur:
284 1755 416 1837 quodsi
443 1755 599 1838 spiritus
623 1756 717 1836 eius,
748 1755 808 1837 qui
832 1755 1035 1820 suscitabit
1056 1755 1180 1819 Iesum
1202 1754 1305 1820 Chri-

158 1865 272 1941 stum,
295 1859 445 1924 habitat
464 1860 638 1940 innubis,
661 1861 723 1942 qui
738 1860 942 1924 suscitarit
957 1860 1081 1924 Iesum
1098 1878 1116 1924 a
1131 1860 1303 1940 mortuis,

158 1964 379 2030 uiuifioabit
401 1967 437 2028 et
458 1965 635 2030 mortalia
656 1982 811 2048 corpora
833 1969 961 2029 uestra
983 1969 1135 2049 propter
1158 1963 1304 2029 inhabi-

158 2075 302 2135 tantem
325 2069 503 2152 spiritum
526 2071 605 2134 eius
627 2069 665 2134 in
685 2070 801 2136 uobis.
836 2073 926 2154 pater
942 2070 1083 2149 suscitat,
1106 2069 1188 2134 filius
1207 2070 1303 2134 susci·
1332 2095 1357 2134 rs

158 2179 244 2240 tatur
267 2178 300 2239 et
321 2178 449 2258 propter
470 2174 702 2239 inhabitantem
722 2175 869 2259 spiritum
885 2175 1107 2239 resuscitandis
1124 2175 1304 2239 mortalium

157 2279 342 2364 corporibus
372 2280 437 2344 uita
465 2279 668 2362 promittitur.
716 2284 747 2344 at
776 2279 809 2344 in
836 2279 1052 2362 consequenti:
1084 2297 1150 2344 uos
1181 2282 1304 2343 autem

158 2403 228 2450 non
261 2384 356 2449 estis
387 2384 424 2449 in
456 2401 581 2464 carne,
612 2383 675 2449 sed
699 2384 735 2449 in
759 2384 912 2466 spiritu,
943 2385 974 2449 si
998 2389 1122 2449 tamen
1146 2383 1304 2467 spiritus

158 2491 217 2554 dei
248 2488 398 2555 habitat
427 2490 464 2553 in
491 2488 607 2553 uobis.
654 2489 792 2571 siquis
816 2493 938 2554 autem
962 2489 1138 2573 spiritum
1163 2488 1321 2578 Christi⁴

158 2611 231 2658 nun
261 2593 390 2674 habat,
420 2593 480 2658 hic
509 2611 580 2657 non
612 2597 670 2658 cst
699 2594 789 2658 eius.
836 2593 910 2658 dum
938 2594 1011 2658 dicit
1033 2593 1178 2677 spiritum
1203 2594 1251 2657 dei
1275 2597 1306 2658 ct
1332 2617 1358 2658 uo

157 2701 388 2780 consequenter
422 2698 567 2780 spiritum
599 2697 732 2779 Christi,
766 2699 905 2780 aduerte,
940 2699 1020 2781 quud
1054 2699 1105 2762 hic
1137 2715 1305 2781 personam

159 2802 279 2868 Christi
302 2802 360 2866 sub
384 2803 434 2866 dei
457 2803 664 2886 appellatione
688 2803 840 2887 designat.
877 2808 931 2868 aut
952 2804 979 2867 si
995 2803 1045 2867 hic
1060 2808 1193 2886 patrem,
1216 2803 1305 2868 cuius

158 2908 289 2992 spiritus
312 2907 362 2987 sit,
393 2906 451 2971 sub
476 2907 525 2971 dei
554 2909 785 2989 nuncupatione
815 2906 981 2991 significat,
1011 2925 1081 2972 ecce
1105 2907 1156 2972 hic
1179 2909 1305 2990 spiritus

159 3017 291 3078 sauctus
322 3030 377 3093 per
406 3013 559 3076 unitatem
592 3012 788 3077 substantiae
818 3017 850 3077 et
880 3014 978 3097 patris
1010 3017 1041 3077 ct
1068 3013 1123 3077 lilii
1151 3033 1220 3078 esse
1243 3013 1305 3097 spi-

157 3119 240 3182 ritus
271 3116 447 3181 declaratur
478 3120 510 3180 et
539 3117 651 3181 merito
678 3117 844 3199 procedere
869 3137 904 3181 er
928 3121 1058 3200 utroque
1081 3117 1251 3182 dinoscitur
1274 3120 1306 3181 et
1332 3141 1358 3182 us

157 3223 190 3286 in
205 3222 336 3286 uinculo
356 3221 503 3285 trinitatis
524 3221 705 3286 distinctam
727 3240 895 3304 personam
917 3223 1034 3287 habere
1057 3221 1245 3306 perspicitur
1264 3224 1305 3302 et,

157 3327 210 3409 qui
243 3326 389 3409 spiritum
421 3329 564 3390 sanctum
593 3327 784 3408 nonhabet,
815 3345 872 3392 nec
896 3326 1056 3392 Christum
1079 3326 1193 3391 habere
1217 3345 1307 3391 mon·

158 3433 291 3495 stratur.
336 3430 413 3494 deus
435 3431 540 3512 itaque
564 3435 612 3494 est
635 3431 762 3513 spiritns
787 3436 926 3512 sanctus,
952 3449 1013 3514 quo
1037 3435 1150 3515 negato
1173 3434 1306 3514 negatur

157 3539 189 3600 et
205 3533 352 3600 Christus
376 3538 417 3615 et,
441 3535 515 3617 quia
537 3533 627 3600 dixit:
651 3554 757 3600 nemo
781 3537 888 3600 uenit
911 3535 954 3600 ad
976 3540 1122 3618 patrem
1145 3535 1218 3600 nisi
1240 3554 1306 3618 per

157 3658 228 3720 mc,
262 3639 317 3721 qui
348 3639 460 3724 spiritu
490 3643 598 3704 sancto
628 3659 748 3704 uacuus
779 3645 838 3721 est,
870 3640 987 3706 Christi
1018 3657 1079 3704 non
1111 3643 1159 3704 cst
1183 3643 1214 3704 et
1236 3659 1306 3723 per·
1332 3665 1358 3704 so

158 3744 240 3808 didit
262 3744 360 3825 uiam,
384 3763 446 3826 qua
467 3745 649 3827 peruenitur
672 3746 710 3808 ad
733 3748 866 3828 patrem.

266 3898 296 3967 3]
315 3898 374 3953 hot.
388 3903 429 3965 20,
442 3901 484 3954 27.
527 3900 571 3968 12]
590 3900 667 3953 Rom.
681 3903 706 3965 8,
721 3903 760 3957 ll.
803 3901 847 3970 17]
866 3901 941 3955 Rom.
956 3905 980 3964 8,
993 3905 1016 3956 9.
1054 3900 1100 3970 29]
1119 3901 1212 3954 Ioanu.
1228 3903 1268 3964 14,
1281 3903 1305 3954 6.

200 3996 360 4107 anloquitur
377 4037 531 4104 waimara.
545 4040 606 4104 alt.)
659 4038 896 4108 3subterlugiuu
950 4039 1142 4094 annuntiemur
1194 4038 1306 4093 duobis

156 4142 178 4179 0.
192 4143 215 4180 c.
230 4125 295 4181 du
346 4125 477 4178 attendite
496 4127 524 4180 P
575 4131 648 4194 5sp.
663 4143 682 4179 s.
697 4141 779 4180 uosu
833 4125 988 4181 ldelucide
1010 4127 1036 4181 V
1086 4125 1263 4183 Canuuutiat
1282 4126 1309 4179 P

157 4215 188 4268 ll
209 4211 357 4281 Romanos]
376 4212 522 4266 corinthios
540 4214 568 4266 P
620 4212 756 4281 degeritur
773 4213 799 4267 V
850 4217 882 4269 12
901 4213 1038 4268 Christum
1058 4232 1108 4269 orrr.
1130 4213 1157 4266 P
1209 4214 1241 4267 13
1259 4211 1306 4264 ha·

156 4298 354 4354 hitat-Iesum
372 4301 467 4356 ouaV
519 4303 549 4355 14
569 4299 720 4353 uiuificauit
735 4302 761 4355 V
814 4303 846 4356 17
862 4299 1107 4368 inconsequenter>
1160 4301 1191 4354 21
1206 4299 1269 4366 quia
1282 4299 1309 4352 P

155 4387 189 4442 26
206 4385 308 4441 habere
326 4401 468 4454 personam
485 4405 501 4442 u
554 4387 600 4456 29]
619 4390 646 4441 et
663 4405 750 4443 om.u
804 4385 849 4453 qui
868 4387 896 4440 P
949 4389 983 4442 30
1001 4387 1091 4455 perdit
1109 4387 1136 4440 P
