3100 4892
246 421 310 485 310
687 419 751 472 1111.
772 418 881 472 Sermo
899 419 941 472 22.

246 601 294 661 est
316 597 439 678 Ioseph,
463 596 516 678 qui
541 599 699 659 amantem
723 597 947 672 contemneret,
975 595 1006 656 et
1028 591 1108 655 bene
1131 593 1293 655 excusauit
1315 609 1386 656 eum

246 701 399 784 scriptura
422 701 543 764 dicens:
573 699 722 766 inmisit
744 699 873 763 oculos
897 715 985 761 uxor
1007 697 1147 760 domini
1171 696 1252 759 eius
1274 697 1311 760 in
1334 696 1387 760 Io

247 807 350 888 seph,
373 806 430 888 hoc
447 808 504 883 est,
524 801 614 887 (non)
633 803 694 867 istc
714 822 748 866 se
769 803 941 867 ostentauit
960 819 1019 865 nec
1037 801 1121 883 cepit
1140 801 1311 880 incautam,
1334 799 1387 863 sed

246 910 300 973 illa
329 909 408 972 retia
437 927 495 972 sua
524 908 610 971 misit
640 911 672 972 et
700 907 848 990 indagine
871 923 929 970 sua
951 908 1044 988 capta
1066 909 1125 984 est,
1153 905 1284 986 laqueos
1316 922 1387 969 suos

209 1041 222 1080 a
250 1013 366 1096 sparsit
389 1017 421 1077 et
444 1012 508 1077 suis
531 1011 666 1076 uinculis
690 1012 837 1095 colligata
860 1013 917 1075 est.
956 1010 1034 1073 dixit
1056 1013 1162 1073 autem
1184 1009 1245 1073 ilii:
1270 1009 1387 1073 dormi

247 1135 397 1181 mecum.
435 1117 538 1199 prima
569 1116 701 1180 adulteri
725 1115 886 1180 oculorum
909 1115 973 1178 tela
995 1118 1079 1194 sunt,
1110 1114 1248 1177 secunda
1278 1113 1388 1178 uerbo-

247 1241 327 1286 rum.
366 1221 421 1285 sed
444 1221 497 1302 qui
521 1238 583 1285 non
607 1220 728 1304 capitur
751 1219 859 1299 oculis,
887 1223 992 1302 potest
1012 1217 1119 1282 uerbis
1142 1219 1300 1282 resistere.
1339 1236 1388 1281 ex·

247 1329 383 1406 cusatur,
407 1324 488 1406 quod
511 1325 672 1408 ingressus
696 1327 753 1404 est,
777 1323 982 1407 praedicatur,
1010 1324 1092 1404 quod
1116 1322 1241 1405 elapsus
1261 1325 1313 1386 est
1334 1340 1388 1386 neo

247 1430 323 1494 feeit
345 1429 416 1512 plus
439 1429 631 1493 uestimenta
653 1428 789 1511 corporis
813 1445 907 1508 quam
930 1426 1028 1490 animi
1050 1426 1279 1490 castimoniam.
1318 1426 1389 1490 reli-

198 1561 221 1599 ιο
248 1535 315 1616 quit
346 1537 508 1615 tamquam
538 1551 600 1596 non
631 1549 697 1612 sua,
729 1550 810 1614 quae
841 1531 983 1595 adultera
1013 1530 1159 1594 manibus
1189 1531 1329 1611 tenebat,
1359 1535 1389 1594 et

250 1638 350 1702 atiena
380 1637 537 1716 iudicauit,
568 1655 648 1719 quae
678 1641 766 1700 tactu
795 1635 960 1718 inpudicae
993 1637 1137 1718 poterant
1170 1634 1387 1717 conprehendi.

249 1760 382 1824 magnus
406 1741 498 1823 plane
522 1741 578 1820 uir,
602 1741 655 1822 qui
679 1739 824 1804 uenditus
848 1740 960 1803 seruile
980 1743 1087 1802 tamen
1103 1739 1388 1822 nescitingeninm,

250 1846 415 1910 adamatus
446 1864 507 1910 non
530 1844 695 1924 reamauit,
726 1847 854 1927 rogatus
883 1862 944 1907 non
975 1843 1145 1925 adquieuit,
1176 1842 1388 1926 adprehensus

250 1950 379 2034 aufugit.
419 1950 565 2032 quicum
590 1948 628 2011 ab
652 1967 745 2013 uxore
769 1948 888 2012 domini
915 1948 1143 2027 conueniretur,
1174 1947 1275 2012 teneri
1302 1951 1389 2012 ueste

199 2083 223 2121 n
249 2055 360 2138 potuit,
384 2053 488 2118 animo
512 2053 579 2134 capi
602 2070 664 2116 non
687 2053 798 2134 potuit.
837 2071 873 2116 ac
896 2071 936 2115 ne
957 2053 1027 2135 ipsa
1049 2052 1175 2134 quidem
1198 2051 1298 2116 uerba
1325 2053 1388 2116 eius

250 2158 302 2222 diu
325 2176 437 2241 passus
460 2157 640 2241 contagium
662 2157 823 2237 iudicauit,
855 2156 882 2220 si
910 2156 1026 2220 diutius
1052 2159 1237 2235 moraretur,
1267 2175 1309 2220 ne
1336 2175 1390 2239 per

249 2281 361 2326 manus
385 2262 545 2326 adulterae
568 2260 706 2325 libidinis
730 2261 865 2324 adeum
889 2261 1048 2324 incentina
1071 2260 1252 2339 transirent,
1284 2260 1389 2342 itaque

249 2371 337 2432 ueste
361 2367 465 2431 eniuit.
504 2367 622 2430 crimen
654 2366 739 2430 enim
770 2367 905 2430 excussit
938 2369 969 2429 et
998 2365 1127 2446 relictis,
1158 2364 1272 2447 quibua
1304 2369 1390 2429 tane-

248 2471 351 2552 batur,
387 2470 526 2536 uestibus
562 2471 734 2552 expoliatus
766 2471 903 2554 quidem,
939 2470 994 2534 sed
1025 2489 1088 2534 non
1123 2469 1226 2534 nudus
1258 2471 1389 2553 aufugit,

198 2602 224 2641 ro
250 2575 304 2658 qui
328 2579 394 2639 erat
417 2576 526 2639 tectior
549 2575 734 2640 indumento
757 2575 894 2658 pudoris.
929 2591 992 2638 non
1016 2574 1100 2638 enim
1123 2578 1173 2639 est
1194 2575 1309 2655 nudus,
1333 2574 1390 2639 nisi

250 2699 343 2762 quem
366 2678 458 2762 culpa
480 2679 654 2743 nudauerit.
1000 2740 1003 2744 Δ

293 2782 435 2864 Denique
459 2783 491 2847 in
515 2783 727 2864 superioribus
750 2783 915 2863 habemus,
938 2784 1020 2866 quod
1042 2783 1157 2863 Adam,
1184 2786 1389 2867 posteaquam

250 2887 300 2951 dci
312 2887 497 2952 mandatum
508 2887 773 2970 praeuaricatione
787 2887 926 2952 deseruit
941 2890 973 2951 et
987 2889 1108 2970 peccati
1122 2889 1252 2971 grauius
1268 2891 1391 2952 aestum

250 2991 413 3070 contraxit,
436 2992 537 3054 nudus
562 2995 638 3070 erat,
663 2991 744 3055 unde
769 2996 801 3055 et
820 2993 886 3074 ipae
906 2992 964 3055 ait:
988 3010 1117 3056 uocem
1140 2994 1243 3054 tuam
1265 2991 1391 3055 audiui

199 3121 225 3160 aa
252 3095 289 3158 in
318 3094 492 3178 paradiso
523 3098 559 3158 et
589 3095 712 3174 timui,
744 3095 839 3176 quod
869 3095 988 3159 nudus
1019 3115 1114 3175 aum,
1148 3099 1185 3159 et
1215 3094 1392 3159 abscondi

355 3257 383 3326 2]
404 3257 469 3312 Gen.
484 3259 525 3322 39,
539 3261 562 3312 7.
617 3257 645 3326 5]
665 3257 730 3312 Gon.
745 3259 787 3321 39,
801 3261 823 3311 7.
878 3257 924 3326 24]
944 3257 1009 3311 Gen.
1022 3258 1047 3320 3,
1062 3261 1102 3312 10.

297 3415 531 3482 leontempnerat
548 3414 586 3480 D,
605 3415 802 3480 contempserat
819 3415 892 3482 Auo.
946 3413 1097 3468 excussauit
1114 3414 1144 3469 D
1206 3415 1295 3468 bnon
1312 3415 1393 3484 Acp..

250 3519 301 3557 om.
321 3502 350 3555 D
403 3499 598 3554 ostendunitD
650 3500 763 3570 cppitD
815 3501 952 3554 incautam
963 3502 1045 3570 Aug,
1064 3500 1270 3555 aduncatan
1324 3501 1393 3555 4in·

251 3587 346 3656 dagine
369 3587 451 3657 Aup,
473 3587 502 3639 in
525 3584 624 3655 dugina
646 3587 676 3641 D
745 3586 866 3655 laqueos]
890 3589 996 3641 catenas
1019 3588 1090 3657 Aup.
1162 3587 1296 3655 5sparsit
1313 3590 1392 3657 Aac,

251 3673 353 3742 spargit
371 3675 400 3728 D
453 3671 614 3728 dadulterii
632 3674 703 3744 Aop.
758 3675 946 3728 texonaaatur
963 3677 994 3730 D
1045 3672 1186 3742 delapsus
1203 3675 1285 3744 Aua,
1304 3673 1393 3742 delap

251 3801 296 3838 aus
315 3787 345 3841 D
397 3753 436 3839 nee
449 3787 478 3840 D
531 3785 650 3854 9pluris
668 3787 741 3856 Aap.
795 3785 953 3890 castimonia
971 3787 1001 3842 D
1057 3785 1190 3890 relinquid
1208 3787 1239 3842 D
1301 3786 1332 3842 11
1353 3785 1393 3839 in·

251 3897 347 3969 pudice
365 3899 395 3954 D
447 3901 590 3967 potuerant
608 3899 679 3968 Aup.
736 3901 767 3954 12
786 3899 906 3953 uentitur
924 3901 954 3954 D
1007 3899 1134 3968 ingenum
1152 3900 1183 3955 D
1236 3901 1268 3955 13
1285 3897 1393 3952 adama-

251 3986 338 4039 turD
390 3987 500 4054 rogatur
514 3985 544 4040 D
599 3987 630 4040 14
644 3987 876 4040 conuenereturD
931 3990 962 4041 15
975 3985 1030 4039 eius
1041 3987 1148 4056 scripsi,
1166 3985 1232 4041 siD
1284 3988 1318 4041 16
1331 3984 1393 4039 deu·

252 4073 306 4176 tius
324 4073 354 4127 D
425 4075 456 4128 17
476 4071 594 4126 adultere
613 4073 643 4127 D
707 4073 849 4127 incendiua
866 4074 895 4129 D
963 4073 1123 4127 transsirent
1141 4075 1171 4129 D
1236 4075 1267 4129 18
1285 4076 1347 4127 nete
1365 4074 1393 4128 D

253 4201 357 4239 cremon
380 4186 410 4241 D
473 4188 504 4242 19
528 4184 731 4253 aestimantibus
753 4189 783 4242 D
843 4189 876 4242 21
900 4185 1044 4240 nudauerit
1062 4175 1171 4256 scripsi,
1193 4186 1345 4240 nudauerat
1365 4186 1394 4241 D

252 4274 286 4328 23
314 4272 431 4326 deseruit
456 4274 562 4344 scripsi,
591 4271 689 4328 deserit
715 4275 744 4330 D
832 4277 935 4328 aestum
961 4275 1068 4343 acaum,
1096 4275 1131 4344 cs.
1155 4275 1223 4345 iod,
1249 4275 1340 4327 catum
1365 4273 1393 4328 D

254 4359 287 4416 25
306 4373 385 4424 suum
403 4359 433 4417 D
