3100 4892
200 378 302 434 LXXII
647 378 892 446 Prolegomena.

201 575 264 618 uoa
281 575 407 639 parum
426 551 547 630 studes,
572 551 712 617 laudari
730 553 920 640 plurimum
942 563 971 617 te
993 564 1131 618 uetares.
1171 574 1270 638 neque
1286 557 1344 620 du-

201 660 274 739 bito,
306 661 379 741 quin
403 677 512 722 reuera
535 657 651 724 Sidonii
673 661 819 742 plausum
843 659 953 723 tulerit
975 659 1067 724 stilus
1091 660 1218 741 Ruricii,
1249 679 1343 742 quem

201 764 361 829 Sidonium
390 762 576 827 imitandum
587 763 611 846 ¹)
642 763 702 828 sibi
733 764 932 846 proposuisse
963 763 1043 828 inter
1073 782 1182 829 omnes
1210 769 1343 830 constat

201 887 301 950 neque
324 868 428 931 minus
452 871 561 932 notum
585 870 633 932 est
647 867 810 931 Ruricium
833 867 966 932 aliorum
989 869 1177 952 scriptorum
1192 869 1343 952 epistulas

201 991 298 1054 aeque
321 990 357 1036 ee
380 990 452 1036 suas
475 971 574 1053 ipsius
598 972 817 1053 compilauisse
840 976 872 1036 ct
895 972 933 1036 ab
955 972 1023 1036 eliis
1044 972 1125 1036 bene
1140 973 1271 1038 inuenta
1286 991 1345 1038 sua

200 1077 321 1141 fecisse.
349 1075 477 1158 Sulpicii
492 1073 599 1140 Seueri
616 1075 653 1138 de
669 1076 781 1140 ultimo
796 1077 909 1140 iudicio
926 1077 1060 1159 epistula
1074 1077 1234 1141 Ruricium
1250 1097 1343 1141 usum

201 1199 269 1244 esee
281 1181 427 1244 Baluuius
440 1179 472 1242 in
485 1179 758 1244 Miscellaueorum
770 1180 848 1245 libro
860 1180 885 1244 Ι.
899 1180 1041 1263 (Parisiis
1055 1179 1153 1264 1678)
1166 1200 1237 1244 eam
1249 1181 1344 1246 edens

199 1286 232 1349 in
262 1284 453 1367 praefatione
484 1284 568 1364 dicit,
599 1284 638 1347 cf.
664 1282 770 1349 Seueri
798 1285 932 1367 epistula
959 1285 1025 1348 cl
1056 1282 1099 1368 (p.
1122 1283 1186 1347 219
1212 1286 1342 1369 Halml:

195 1409 354 1474 persaepe
384 1385 429 1449 ad
451 1407 509 1450 uos
533 1387 647 1450 ueuire
674 1386 780 1465 uolui,
811 1387 868 1450 sed
897 1409 998 1472 usque
1028 1387 1136 1451 adbuc
1166 1388 1343 1474 impeditus

200 1514 280 1569 sum,
311 1490 478 1554 obsistente
509 1512 552 1568 eo,
584 1493 642 1576 qui
672 1493 822 1554 corrueait
854 1491 1006 1555 obsistere
1037 1497 1068 1557 et
1097 1494 1172 1558 Rur.
1194 1513 1241 1577 ep.
1262 1495 1293 1558 II
1321 1493 1343 1555 9

200 1595 421 1680 (p.383,11):
450 1593 596 1658 crebrius
623 1595 790 1659 uoiuimus
808 1644 815 1658 .
833 1644 840 1658 .
856 1596 984 1680 scripta
1012 1595 1164 1683 diripere,
1190 1596 1248 1661 sed
1264 1619 1343 1682 pro-

201 1699 299 1763 hibiti
321 1721 432 1762 sumus
455 1721 555 1785 usque
578 1722 665 1763 uuae
683 1699 875 1784 prohibente
898 1700 1057 1763 mimirum
1076 1700 1146 1778 illo,
1170 1701 1228 1786 qui
1244 1700 1344 1764 borrae

201 1804 369 1868 uoluntati
398 1803 567 1866 consueuit
597 1825 719 1890 seraper
750 1803 919 1886 obsistere,·
948 1805 1017 1870 Seu.
1040 1824 1066 1870 e.
1087 1803 1108 1868 2
1131 1806 1175 1889 (p.
1191 1804 1256 1869 220
1270 1806 1342 1891 Η.);

200 1931 239 1973 ue
261 1931 391 1972 martum
407 1919 521 1971 aratro
538 1909 682 1972 insereres
703 1918 884 1972 retrorsum
906 1931 1065 1972 conuersa
1088 1909 1257 1995 respicias,
1280 1931 1343 1994 quo

202 2013 399 2078 ..ordiuem
421 2034 517 2076 suum
539 2034 660 2077 necesse
683 2023 728 2076 est
754 2011 865 2076 sericus
893 2013 1024 2077 amittat
1051 2019 1083 2079 et
1104 2015 1180 2080 Rur.
1198 2015 1277 2098 ep.I
1301 2013 1342 2077 18

201 2120 243 2204 (p.
261 2118 335 2199 371,
347 2119 398 2201 3):
414 2139 515 2202 aeque
529 2117 652 2180 stiuam
667 2128 774 2181 terreus
792 2165 799 2180 .
818 2166 825 2179 .
842 2128 928 2181 retro
944 2118 1114 2203 respicias,
1130 2127 1168 2180 ut
1184 2117 1344 2182 directum

202 2222 307 2286 iiueae
329 2221 441 2286 sulcus
464 2222 602 2286 amittat.

245 2329 430 2394 Cassianum
447 2346 569 2410 quoque
586 2328 746 2411 exscripsit
762 2327 918 2408 Ruricius,
942 2333 978 2392 ut
996 2328 1134 2392 intellexi
1150 2347 1187 2391 ea
1201 2328 1250 2392 his
1266 2329 1342 2392 loeis

201 2452 307 2497 secum
335 2433 536 2514 comparatis:
569 2430 707 2496 (lession.
733 2433 771 2495 de
797 2432 915 2496 incarn.
933 2431 1015 2495 dom.
1032 2435 1141 2497 contra
1162 2432 1344 2496 Nestorium
1417 2429 1422 2437 '

200 2537 296 2620 praef.
312 2535 354 2620 (p.
373 2533 482 2616 235,9
506 2536 707 2619 Petschenig)
728 2534 915 2619 produceres
942 2556 989 2596 me
1016 2557 1056 2598 ecc
1082 2534 1143 2598 illo
1161 2534 1344 2620 praemedi-

202 2641 264 2703 tati
289 2638 416 2702 silentii
444 2659 570 2702 recessu
592 2639 629 2700 iu
651 2637 825 2724 publicum
840 2637 1159 2724 formidandumque
1181 2638 1345 2702 iudicium

201 2756 230 2808 et
259 2767 348 2808 uoua
373 2742 485 2806 subire
512 2742 597 2829 copis
624 2743 732 2806 adbuc
762 2742 802 2806 de
829 2744 1022 2829 praeteritis
1052 2743 1283 2808 erubescentem
1312 2749 1346 2809 et

201 2852 275 2915 Rur.
297 2849 377 2932 epl
400 2847 420 2910 3
444 2847 487 2931 (p.
505 2846 579 2930 355,
598 2847 651 2932 13)
675 2846 863 2932 produceres
890 2869 938 2910 me
966 2870 1004 2910 eu
1032 2847 1192 2910 tutissimo
1218 2847 1345 2910 sileat-ii

203 2974 328 3016 recessu
354 2951 400 3014 ad
422 2949 597 3036 publicum
616 2949 937 3036 formidandumque
964 2951 1129 3015 iudicium
1155 2961 1185 3014 et
1211 2952 1248 3014 iu
1270 2952 1345 3014 uita

201 3058 268 3120 iam
290 3057 395 3120 ueteri
416 3077 505 3118 moue
526 3055 638 3119 subire
661 3054 831 3141 compellit,·
853 3057 993 3122 Cassian.
1010 3056 1084 3122 ibid.
1101 3078 1132 3141 p.
1148 3056 1222 3138 236,
1240 3056 1278 3118 11
1291 3057 1343 3121 R:

201 3183 301 3246 pareo
329 3160 545 3224 obsecrationi
568 3170 651 3238 tuae,
678 3182 801 3245 pareo
833 3160 1012 3224 iussioni.
1044 3159 1143 3224 malo
1174 3161 1272 3224 euim
1301 3161 1345 3223 de

201 3289 252 3330 me
275 3265 358 3350 ipso
382 3263 457 3328 tibi
478 3287 588 3349 paam
609 3264 704 3327 mibi
726 3263 897 3341 credere,
919 3264 1058 3328 maxime
1080 3266 1161 3350 quia
1182 3264 1221 3328 id
1243 3275 1344 3328 tecum

203 3392 292 3433 autor
315 3369 389 3432 Iesu
408 3366 532 3433 Christi
555 3368 679 3431 domiui
701 3370 764 3431 mei
774 3368 954 3454 praecipit,
977 3369 1035 3454 qui
1050 3370 1108 3432 boe
1122 3370 1232 3454 ipsum
1245 3369 1344 3432 etiem

203 3475 238 3538 iu
269 3484 297 3536 te
327 3472 415 3536 iubet
445 3479 477 3538 et
506 3474 581 3538 Rur.
605 3493 652 3556 ep.
673 3474 706 3538 ΙΙ
732 3473 772 3536 41
804 3473 847 3557 (p.
868 3472 943 3554 426,
964 3475 1013 3558 4):
1039 3495 1143 3560 pareo
1175 3473 1345 3538 uoluntati

202 3589 338 3656 reestrae,
366 3601 486 3664 pareo
517 3578 699 3666 iussioni.
742 3577 840 3641 malo
873 3579 971 3642 euim
1002 3577 1045 3642 de
1073 3601 1124 3642 me
1154 3579 1239 3665 ipso
1269 3577 1344 3642 tibi

203 3683 321 3769 mapis
351 3704 462 3767 quam
488 3683 582 3745 mibi
610 3682 776 3760 eredere,
807 3683 889 3768 quia
917 3683 1051 3768 pietatis
1082 3705 1146 3746 uou
1171 3683 1343 3769 potestatis

203 3798 257 3866 est,
281 3786 367 3874 quod
389 3786 519 3850 iubetis.

246 3893 284 3958 Se
306 3895 410 3976 ipsum
434 3897 549 3973 autem,
573 3891 726 3956 Faustum
750 3892 899 3974 aliosque,
923 3894 976 3974 qui
999 3893 1038 3956 ab
1059 3911 1131 3956 eum
1150 3894 1271 3957 litteras
1291 3892 1344 3956 de·

203 3997 325 4078 derunt,
350 4015 443 4079 quam
459 3996 644 4078 inpudenter
659 3995 803 4060 Ruricius
828 3996 1034 4079 exscripserit,
1059 4015 1095 4061 ex
1117 3997 1200 4061 notis
1221 4000 1344 4062 nostrae

247 4238 267 4306 ¹)
286 4238 343 4304 Quo
361 4237 485 4291 imitandi
505 4237 593 4292 studio
612 4237 738 4292 inductus
757 4238 839 4292 etiam
857 4237 1092 4309 hendecasyllabos
1110 4237 1255 4307 temptauit
1266 4236 1345 4292 Ruri·

204 4327 259 4380 cius
279 4341 318 4398 ep.
331 4325 358 4379 Η
380 4329 419 4384 19.
