3100 4892
268 424 331 488 282
710 424 774 478 1111.
795 424 903 478 Sermo
923 427 962 480 15.

267 603 299 666 in
323 602 508 682 semetipso
531 617 648 664 nouum
671 601 830 664 hominem
853 600 981 664 crimine
1004 599 1162 664 homicidii
1183 601 1349 680 interfecit,
1374 600 1397 662 si

266 706 396 788 auguria
412 705 605 769 obseruando
625 724 680 787 per
695 705 875 786 haruspices
892 709 923 768 et
938 705 1059 768 diuinos
1075 707 1169 786 atque
1191 705 1396 768 incantatores

266 814 392 892 captum
416 829 450 873 se
472 809 592 874 diabolo
617 810 754 889 tradidit,
777 809 855 872 hacc
878 812 972 890 atque
994 809 1122 872 huiusce
1145 809 1229 872 modi
1251 809 1337 872 mala
1352 827 1398 871 er·
1509 836 1510 839 ¹

265 915 343 996 piari
373 915 497 996 penitus
528 914 687 978 communi
718 917 749 977 et
780 913 928 977 mediocri
957 913 1009 977 uel
1039 918 1159 976 secreta
1189 913 1398 976 satisfactione
1509 916 1510 945 ³

227 1045 240 1084 a
267 1021 316 1082 uir
343 1021 483 1100 possunt.
529 1035 640 1101 graues
669 1035 781 1080 causae
807 1017 965 1100 grauiores
989 1021 1021 1081 et
1047 1017 1179 1080 acriores
1203 1019 1235 1080 et
1260 1016 1399 1099 publicas

267 1140 355 1186 ouras
378 1122 549 1203 requirunt,
578 1125 622 1201 ut,
646 1123 698 1202 qui
721 1140 794 1185 oum
816 1122 1021 1203 plurimorum
1044 1121 1254 1185 destructione
1277 1140 1311 1184 se
1332 1139 1400 1202 per-

265 1226 388 1306 diderit,
412 1225 507 1289 simili
529 1226 620 1289 modo
644 1244 715 1289 oum
738 1225 944 1308 plurimorum
967 1224 1180 1288 aedificatione
1202 1244 1236 1288 se
1259 1225 1398 1287 redimat.
1509 1298 1510 1303 ἵ

267 1330 360 1394 homo
384 1330 468 1393 enim
489 1349 521 1393 se
544 1330 609 1412 ipse
633 1329 775 1411 decipiat,
800 1329 837 1408 si,
860 1348 932 1392 curn
955 1329 1041 1392 intus
1063 1329 1095 1392 in
1112 1328 1258 1392 medullis
1281 1328 1399 1391 feruere

266 1436 381 1498 sentiat
410 1432 565 1513 morbum,
595 1453 650 1516 per
678 1433 871 1515 superficiem
900 1435 1035 1516 corporis
1063 1434 1158 1497 molle
1184 1432 1319 1496 deducat
1345 1451 1400 1494 nn·
1509 1490 1510 1509 ἶ

214 1567 225 1604 1
288 1542 428 1601 uentum,

227 1566 240 1606 ο
265 1559 286 1622 g
308 1643 395 1706 Haeo
422 1642 528 1723 itaque
551 1642 698 1724 capitalia
725 1643 808 1705 mala
833 1643 953 1725 ingenti
980 1647 1012 1705 et
1037 1643 1144 1725 rugitu
1171 1645 1204 1706 et
1228 1641 1350 1724 gemitu
1372 1644 1401 1704 et

266 1748 352 1811 fonte
367 1747 510 1828 indigent
531 1745 731 1809 lacrimarum
748 1750 777 1811 ot
799 1745 1055 1828 proclamandum
1078 1749 1128 1809 est
1142 1764 1214 1809 cum
1236 1746 1399 1828 propheta:

266 1849 460 1934 rugiebam
477 1850 649 1932 agemitu
672 1851 793 1914 cordis
817 1851 903 1930 mei,
924 1854 967 1913 et:
991 1849 1125 1913 leuabo
1148 1850 1399 1932 persingulas

267 1957 395 2018 noctes
419 1954 557 2017 lectum
581 1972 714 2034 meum,
742 1954 908 2018 lacrimis
933 1957 1091 2017 stratum
1114 1971 1233 2016 meum
1256 1952 1400 2036 rigabo,
1509 2026 1510 2033 χ

216 2085 239 2124 rr
267 2059 445 2122 etiterum:
474 2076 539 2141 ego
563 2062 685 2122 autem
709 2062 895 2138 tamquam
918 2059 1077 2121 cinerem
1101 2075 1232 2139 panem
1255 2057 1401 2120 maudu-

265 2163 391 2227 cabam
417 2166 452 2226 et
474 2165 600 2244 potum
624 2181 742 2226 meum
765 2181 846 2224 cunr
869 2163 963 2225 fletu
986 2161 1197 2225 miscebam.
1242 2180 1336 2226 nemo
1352 2161 1402 2224 de·

265 2268 375 2348 spiciat
400 2266 637 2348 paenitentiam,
666 2283 756 2328 nemo
780 2270 961 2329 contemnat
982 2266 1063 2329 hano
1085 2265 1306 2329 humilitatem.
1351 2284 1400 2328 ror

265 2371 349 2434 enim
380 2375 446 2434 erat
477 2370 593 2450 Dauid,
631 2371 683 2452 qui
713 2371 775 2434 ista
805 2369 944 2450 dicebat,
982 2389 1124 2432 summus
1151 2388 1203 2432 rer
1234 2374 1318 2449 erut,
1351 2370 1401 2450 qui

266 2476 328 2539 ista
349 2474 494 2538 faciebat.
540 2478 662 2556 oportet
687 2475 791 2555 itaque
819 2475 908 2556 quasi
935 2493 1028 2556 super
1056 2477 1213 2538 mortuum
1241 2493 1314 2536 cum
1342 2474 1401 2536 cla·
1509 2514 1510 2525 ,

213 2605 239 2645 ao
265 2598 350 2644 more
375 2581 406 2642 et
429 2597 558 2662 magnos
582 2597 675 2660 super
698 2579 866 2643 extinctum
890 2579 1023 2660 peccatis
1047 2579 1185 2641 animam
1201 2577 1275 2640 dare
1298 2578 1401 2659 planc-

266 2687 326 2747 tus.
373 2686 405 2746 et
435 2683 587 2764 quomodo
622 2686 724 2746 mater
754 2684 833 2746 solet
866 2683 975 2747 orbata
1004 2700 1097 2765 super
1126 2681 1294 2745 amissione
1321 2681 1401 2744 unici
1509 2676 1510 2709 ³

264 2787 319 2851 filii
350 2787 398 2850 sui
428 2788 525 2850 fracto
553 2791 677 2868 pectore
706 2787 884 2867 lamentari,
914 2788 958 2851 ita
984 2786 1130 2851 conuenit
1159 2805 1252 2868 super
1278 2787 1400 2848 unicam

265 2891 402 2954 animam
433 2894 586 2970 nostram,
618 2891 671 2954 sed
701 2909 772 2954 eum
804 2911 859 2972 spe
889 2891 1092 2972 reparationis
1123 2890 1243 2972 adfligi,
1274 2890 1311 2953 de
1341 2907 1401 2971 qua

264 2997 355 3058 unica
386 3013 487 3058 sermo
517 2995 716 3076 propheticus
748 2995 840 3058 dicit:
886 3014 972 3058 erue
1009 3013 1028 3058 a
1066 2995 1206 3057 framea
1242 2995 1399 3057 animam

213 3125 238 3164 os
265 3117 381 3162 meam
410 3098 514 3162 etde
543 3117 649 3162 mauu
678 3100 781 3162 canis
809 3100 956 3162 unicam
983 3117 1108 3161 meam.
1155 3116 1250 3180 quare
1276 3098 1399 3162 unicam

265 3203 360 3267 dicit?
392 3203 458 3266 siue
479 3203 561 3283 quod
581 3205 744 3284 tamquam
765 3203 857 3266 unica
879 3202 1036 3286 diligenda
1059 3208 1116 3282 est,
1140 3203 1207 3265 siue
1230 3202 1311 3283 quod
1334 3203 1399 3284 ipsa

265 3309 331 3372 sola
358 3311 430 3371 ante
460 3306 598 3371 tribunal
627 3306 741 3370 Christi
770 3308 922 3370 rationem
953 3307 1081 3371 remotis
1105 3306 1249 3370 omnibns
1278 3307 1396 3369 solaciis

368 3435 604 3505 13]Psalm.37‚s.
640 3435 800 3500 psalmon.
839 3436 1109 3504 151Psalm.101‚1o.
1146 3434 1395 3503 allPsulmaral.

311 3562 323 3613 1
345 3558 455 3611 cremini
473 3559 512 3625 D,
530 3573 592 3610 neue
610 3559 681 3625 Aup.
735 3557 863 3609 homicidi
882 3559 918 3625 D,
937 3556 1053 3609 hominis
1071 3557 1142 3626 Aup.
1200 3559 1216 3611 2
1234 3556 1342 3624 auguria
1359 3557 1396 3609 D¹

265 3631 397 3714 aruspices
415 3647 444 3699 D
497 3645 518 3696 si
537 3661 583 3712 por
602 3660 713 3712 augures
732 3652 764 3745 eth
778 3643 881 3696 diuinos
900 3647 971 3714 Aup.
1026 3644 1201 3711 3captiuum
1220 3645 1290 3712 Aup.
1344 3642 1395 3694 dio-

263 3757 326 3812 bnlo
345 3759 374 3811 D
426 3757 587 3810 doommoni
606 3757 635 3810 D
688 3756 834 3811 tectiores
847 3758 876 3810 D
928 3756 1056 3825 pluplicas
1069 3757 1099 3810 D
1151 3755 1396 3810 ddisstuctioneD

264 3842 418 3898 ‘tredemat
436 3845 465 3898 D
517 3843 573 3900 8si
590 3859 720 3912 supersor.
740 3844 769 3897 D
823 3859 883 3896 oum
905 3845 986 3912 Aup,
1009 3861 1059 3898 om.
1078 3843 1108 3896 D
1159 3843 1231 3895 intus
1254 3861 1304 3898 om.
1327 3844 1393 3911 Aup.

264 3930 430 3999 9supficiad
451 3931 480 3984 D
563 3932 595 3984 12
617 3929 690 3982 fonto
714 3931 795 3999 Auo,
818 3929 886 3982 forte
908 3932 937 3984 D
1018 3929 1148 3996 indilgent
1175 3931 1204 3983 D
1276 3927 1395 3998 ,peluntu-

264 4018 325 4071 ridu
343 4019 373 4072 D
430 4016 533 4084 ,ppbeto
552 4017 581 4069 D
646 4019 677 4071 15
696 4032 819 4083 cynerem
838 4017 867 4070 D
932 4019 963 4070 lu
984 4016 1110 4068 ruisciobri
1132 4017 1161 4069 D
1226 4015 1348 4084 dispiciat
1368 4015 1396 4067 D

264 4109 296 4161 17
324 4106 495 4173 contempnat
521 4105 550 4157 D
622 4105 653 4158 18
681 4102 756 4156 dauit
779 4104 807 4156 D
878 4101 981 4156 dicebat
1003 4121 1035 4158 ox
1058 4100 1168 4155 docebat
1190 4102 1220 4157 D
1284 4105 1315 4158 19
1338 4115 1395 4154 cum

263 4192 376 4245 clamore
390 4191 428 4258 et]
442 4189 637 4242 conclamatum
650 4189 688 4242 ita
700 4191 770 4258 Aup.
825 4192 858 4244 20
871 4207 984 4257 maguus
996 4191 1025 4243 D
1077 4189 1197 4258 planctos
1212 4191 1241 4243 D
1286 4192 1317 4243 21
1332 4187 1394 4240 anri-

264 4278 335 4331 siono
354 4279 383 4331 D
452 4279 486 4331 23
505 4275 647 4344 reputionis
666 4277 695 4329 D
763 4278 796 4332 24
820 4276 988 4346 propheticus
1007 4276 1073 4329 dicit
1090 4278 1170 4346 Aup,
1189 4276 1345 4344 ¹pphetiourn
1369 4275 1394 4329 1)

264 4367 296 4422 27
316 4364 409 4417 solacis
429 4365 458 4417 D
