3100 4892
241 431 356 487 XLVIII
684 432 929 502 Prolegomena.

242 627 339 691 aeque
367 627 403 672 ac
430 581 553 689 codicia,
584 628 679 691 quem
706 611 812 673 statim
840 608 1017 690 afferemus,
1048 627 1085 673 61
1107 608 1256 673 Kmschii
1283 609 1378 673 aduo-

240 714 358 778 tatione
381 712 486 778 oritica
509 714 750 795 desumpsimus.

285 817 1377 883 CodexParisinusbibliothecaenationalislatinus

241 941 271 986 n.
292 919 393 984 12097
417 921 506 1004 (olim
521 920 846 1004 Sangermanensisn.
863 919 937 1002 936,
960 919 1274 1004 661161611111126)
1295 939 1375 984 saec.

241 1026 391 1091 lli—Vll
408 1024 471 1109 (11),
493 1027 529 1090 de
545 1044 606 1107 quo
622 1026 827 1090 conserendus
843 1025 990 1090 Maassen
1007 1027 1026 1090 l.
1044 1027 1064 1090 1.
1082 1023 1186 1107 1668,
1207 1025 1377 1109 epistulam

105 1153 109 1160 ·
240 1129 364 1193 Paulini
388 1130 426 1193 ad
449 1130 602 1194 Faustum
625 1129 783 1212 (6111111)
807 1129 939 1193 exhibet.

284 1234 425 1315 Denique
448 1234 566 1298 codices
590 1234 728 1316 plerique
750 1233 899 1301 Mamerti
915 1233 1085 1313 Claudiani,
1108 1234 1146 1297 de
1168 1233 1281 1314 quibus
1303 1250 1377 1297 con-

242 1339 373 1402 sulenda
395 1343 444 1402 est
467 1338 559 1402 editio
576 1337 737 1402 Claudiani
760 1357 831 1402 mea
854 1337 1072 1421 (Uindobonae
1094 1335 1202 1420 1885),
1225 1337 1376 1419 epistulae

243 1442 351 1506 tertiae
375 1442 577 1524 posteriorem
600 1446 722 1524 partem
750 1441 836 1524 (inde
858 1461 877 1506 a
900 1442 1003 1506 uerbis
1026 1462 1056 1524 p.
1075 1439 1183 1522 173,9
1209 1439 1377 1524 praecipio

241 1555 278 1607 ot
293 1543 517 1630 respondeam)
539 1545 739 1629 suppeditant
754 1545 808 1629 (ol.
825 1564 920 1628 supra
939 1567 968 1629 p.
982 1546 1066 1628 XX),
1083 1563 1213 1627 quorum
1229 1546 1377 1609 lectiones

241 1649 382 1730 selectae,
410 1669 490 1732 quae
513 1651 552 1714 ad
575 1669 641 1715 rem
664 1651 765 1714 facere
788 1648 985 1730 uidebantur,
1011 1652 1043 1714 in
1066 1650 1125 1713 hac
1147 1649 1281 1713 editione
1304 1665 1377 1712 eno-

241 1755 377 1818 lauimus
401 1758 432 1817 et
454 1755 637 1837 compendio
661 1755 695 1818 M
718 1754 1021 1837 comprehendimus.

140 1849 143 1854 ’
284 1858 460 1922 Dolcndum
484 1863 540 1938 est,
564 1858 646 1940 quod
669 1859 808 1924 nondum
830 1859 944 1941 prodiit
966 1859 1058 1923 editio
1081 1859 1188 1922 critica
1202 1856 1377 1936 Hincmari,

241 1963 339 2044 quiin
356 1963 434 2027 libro
450 1963 487 2025 de
502 1963 784 2044 praedestinatione
800 1964 848 2026 dei
865 1968 897 2027 et
910 1963 1008 2026 libero
1024 1963 1151 2027 arbitrio
1167 1981 1193 2025 c.
1210 1960 1224 2023 1
1243 1960 1376 2043 (Migne,

240 2067 356 2130 Patrol.
373 2067 428 2130 lat.
445 2065 558 2130 CXXV
583 2065 637 2149 79)
668 2067 745 2130 duas
769 2068 886 2149 primas
910 2067 1019 2131 Fausti
1042 2070 1073 2130 et
1095 2066 1204 2129 Lucidi
1227 2065 1376 2147 epistulas

240 2155 369 2252 praebet
391 2169 443 2252 (61.
461 2189 555 2253 supra
576 2191 606 2252 p.
622 2170 721 2254 XIV).

283 2275 388 2356 Atque
418 2275 512 2340 codex
540 2274 560 2340 S
588 2274 863 2358 neglegentissime
893 2275 1018 2356 quidem
1049 2277 1183 2358 scriptus
1214 2277 1271 2352 est,
1302 2291 1376 2336 narn

241 2378 385 2442 librarius
409 2380 533 2463 singula
555 2378 652 2443 uerba
679 2378 767 2462 (162,
786 2378 815 2444 7.
836 2379 883 2443 lc.
904 2368 953 2444 19.
978 2378 1117 2460 166,11.
1142 2376 1280 2458 167,10.
1305 2374 1376 2455 174,

241 2483 305 2547 2.4
322 2483 393 2567 616.)
416 2486 467 2549 uel
487 2486 582 2548 etiam
603 2485 776 2548 sententias
800 2482 953 2567 (167,19.
974 2483 1044 2564 174,
1057 2484 1086 2547 6.
1106 2482 1220 2564 175,1.
1241 2479 1311 2562 178,
1324 2479 1376 2544 22.

244 2587 348 2669 179,3
365 2589 438 2672 616.)
467 2589 582 2669 omisit,
613 2589 739 2670 uoculae
766 2589 847 2652 falso
874 2589 993 2653 addidit
1020 2587 1063 2670 (et
1094 2585 1164 2667 162,
1180 2584 1210 2650 2.
1235 2584 1307 2666 193,
1327 2583 1376 2648 17.

241 2713 280 2754 aa
296 2691 368 2772 181,
381 2691 411 2773 6,
428 2691 557 2776 woodo
572 2691 643 2773 192,
656 2691 676 2754 8
693 2692 766 2776 eto.)
784 2693 902 2757 scilicet
917 2711 954 2756 61
969 2693 1106 2776 proxime
1122 2689 1378 2756 antecedentibus

241 2816 295 2879 per
311 2797 479 2860 memoriae
495 2797 617 2880 lapsum
634 2797 793 2881 repetitas,
815 2798 939 2862 uocales
955 2798 1094 2878 aliasque
1108 2797 1228 2861 lilteras
1247 2795 1329 2858 inter
1343 2813 1378 2858 se

241 2901 391 2981 confudit,
415 2902 609 2985 exemplaris
633 2903 714 2983 quod
738 2902 913 2985 descripsit,
935 2901 1032 2965 uerba
1054 2904 1109 2965 aut
1131 2901 1213 2964 male
1233 2899 1309 2982 legit
1323 2902 1379 2962 1111

241 3007 409 3069 oscitanter
433 3005 594 3070 scribendo
617 3005 761 3085 reddidit,
784 3010 820 3069 ut
841 3001 984 3088 inprimis
1008 3023 1119 3069 uocum
1143 3003 1377 3068 terminationes

240 3111 354 3192 partim
383 3128 509 3193 prorsus
540 3111 719 3193 neglegeret
740 3111 857 3193 partim
879 3113 1100 3192 corrumperet,
1130 3127 1263 3190 quorum
1290 3125 1378 3171 meu-

241 3215 351 3278 dorum
374 3215 515 3297 exempla
538 3214 647 3278 1116116
670 3215 720 3278 uix
743 3232 821 3296 opus
844 3219 902 3295 est,
927 3233 999 3277 cum
1018 3216 1128 3295 sponte
1143 3214 1175 3276 in
1191 3229 1377 3293 unaquaque

242 3324 366 3383 nostrae
390 3319 532 3383 editionis
554 3320 670 3402 pagina
691 3323 855 3383 occurrant
876 3318 1113 3399 inquirentibus.

284 3421 345 3486 Sed
367 3421 387 3487 S
410 3441 601 3504 quamquam
623 3427 669 3486 tot
691 3424 849 3504 tantisque
873 3423 1055 3505 corruptelis
1078 3425 1187 3500 scatet,
1211 3424 1317 3484 tamen
1342 3437 1379 3482 ex

241 3529 346 3592 codice
373 3527 509 3609 optimae
537 3531 629 3592 notae
657 3527 808 3610 originem
833 3527 937 3607 111111,
967 3527 998 3590 id
1024 3527 1107 3608 quod
1131 3525 1379 3589 luculentIssime

242 3633 448 3696 demonstrari
471 3636 583 3714 potest,
614 3631 641 3696 si
671 3631 906 3696 adnotationem
929 3632 1070 3694 criticam
1092 3631 1203 3694 tertiae
1226 3628 1379 3712 epistulae

241 3736 479 3819 perlustramus
510 3755 590 3818 quae
618 3754 653 3798 61
680 3740 767 3818 parte
795 3736 828 3799 in
854 3736 1001 3799 Mamerti
1029 3734 1194 3800 Claudiani
1220 3733 1378 3798 codicibus

243 3844 351 3904 exstat.
391 3841 432 3904 ibi
457 3841 539 3904 enim
563 3859 635 3904 cum
658 3840 796 3904 codicem
819 3840 972 3924 optimum
996 3839 1159 3904 claudiani
1183 3839 1380 3920 lipsiensem

242 3945 344 4009 solum
364 3962 600 4026 nonnumquam
620 3961 692 4006 cum
708 3942 729 4008 S
744 3945 921 4026 conspirare
938 3943 1081 4007 uidemus
1096 3979 1139 3989 -—
1154 3943 1242 4006 uelut
1255 3963 1285 4025 p.
1305 3940 1378 4022 173,

245 4048 281 4110 11
306 4049 380 4125 uon,
405 4046 788 4129 multimammiam
812 4046 1075 4132 (estimandum),
1101 4045 1227 4128 177,13
1249 4067 1282 4108 ae
1303 4065 1378 4128 om,

245 4152 383 4234 179,11,
411 4152 464 4216 ubi
492 4172 601 4220 omnes
625 4153 788 4217 Claudiani
814 4153 886 4216 libri
912 4172 1057 4237 cognosce
1084 4151 1229 4216 exhibent
1254 4155 1379 4234 praeter

241 4259 445 4341 Lipsiensem,
475 4258 526 4339 qui
550 4277 732 4343 coporocoere
754 4257 892 4340 praebet,
923 4257 1005 4339 quod
1031 4277 1086 4340 per
1114 4257 1226 4321 calami
1253 4257 1377 4340 lapsum

243 4382 278 4425 61
294 4365 428 4445 genuina
443 4363 575 4427 lectione
592 4382 773 4446 recognosce
790 4360 837 4445 (S)
854 4365 964 4425 natum
980 4365 1029 4426 est
1043 4399 1095 4442 —,
1118 4366 1187 4426 tum
1202 4361 1287 4425 haud
1308 4378 1377 4425 raro
