<?xml version="1.0" encoding="UTF-8"?>
<!DOCTYPE html PUBLIC "-//W3C//DTD XHTML 1.0 Transitional//EN"
    "http://www.w3.org/TR/xhtml1/DTD/xhtml1-transitional.dtd">
<html xmlns="http://www.w3.org/1999/xhtml" xml:lang="en" lang="en">
 <head>
  <title>
</title>
<meta http-equiv="Content-Type" content="text/html;charset=utf-8" />
  <meta name='ocr-system' content='tesseract 3.04.00' />
  <meta name='ocr-capabilities' content='ocr_page ocr_carea ocr_par ocr_line ocrx_word'/>
</head>
<body>
  <div class='ocr_page' id='page_1' title='image "./corpusscriptoru19wiengoog_0325.png"; bbox 0 0 3100 4892; ppageno 0'>
   <div class='ocr_carea' id='block_1_1' title="bbox 612 372 1357 440">
    <p class='ocr_par' dir='ltr' id='par_1_1' title="bbox 612 372 1357 440">
     <span class='ocr_line' id='line_1_1' title="bbox 612 372 1357 440; baseline -0.003 -14"><span class='ocrx_word' id='word_1_1' title='bbox 612 372 678 428; x_wconf 92' lang='lat' dir='ltr'><strong>IIII.</strong></span> <span class='ocrx_word' id='word_1_2' title='bbox 698 373 809 428; x_wconf 85' lang='lat' dir='ltr'>Sermo</span> <span class='ocrx_word' id='word_1_3' title='bbox 827 378 851 430; x_wconf 85' lang='lat'>5.</span> <span class='ocrx_word' id='word_1_4' title='bbox 1236 374 1301 440; x_wconf 79' lang='lat'>239</span> <span class='ocrx_word' id='word_1_5' title='bbox 1351 414 1357 424; x_wconf 89' lang='lat'><strong>.</strong></span> 
     </span>
    </p>
   </div>
   <div class='ocr_carea' id='block_1_2' title="bbox 99 547 1350 3450">
    <p class='ocr_par' dir='ltr' id='par_1_2' title="bbox 158 547 1350 2284">
     <span class='ocr_line' id='line_1_2' title="bbox 163 547 1301 632; baseline 0.003 -20"><span class='ocrx_word' id='word_1_6' title='bbox 163 547 231 612; x_wconf 88' lang='lat' dir='ltr'>ideo</span> <span class='ocrx_word' id='word_1_7' title='bbox 253 566 326 612; x_wconf 91' lang='lat' dir='ltr'>cnm</span> <span class='ocrx_word' id='word_1_8' title='bbox 354 566 480 615; x_wconf 88' lang='lat' dir='ltr'>summa</span> <span class='ocrx_word' id='word_1_9' title='bbox 502 549 691 613; x_wconf 81' lang='lat' dir='ltr'>exultatione</span> <span class='ocrx_word' id='word_1_10' title='bbox 718 549 855 632; x_wconf 77' lang='lat' dir='ltr'>gaudeat</span> <span class='ocrx_word' id='word_1_11' title='bbox 880 553 964 613; x_wconf 89' lang='lat' dir='ltr'>terra</span> <span class='ocrx_word' id='word_1_12' title='bbox 990 553 1096 614; x_wconf 85' lang='lat' dir='ltr'>nostra</span> <span class='ocrx_word' id='word_1_13' title='bbox 1117 551 1301 615; x_wconf 87' lang='lat' dir='ltr'>caelestium</span> 
     </span>
     <span class='ocr_line' id='line_1_3' title="bbox 164 653 1300 737; baseline 0.002 -21"><span class='ocrx_word' id='word_1_14' title='bbox 164 653 300 718; x_wconf 91' lang='lat' dir='ltr'>militum</span> <span class='ocrx_word' id='word_1_15' title='bbox 323 656 355 718; x_wconf 90' lang='lat' dir='ltr'>et</span> <span class='ocrx_word' id='word_1_16' title='bbox 377 656 536 718; x_wconf 87' lang='lat' dir='ltr'>tantarum</span> <span class='ocrx_word' id='word_1_17' title='bbox 558 671 671 736; x_wconf 90' lang='lat' dir='ltr'>parens</span> <span class='ocrx_word' id='word_1_18' title='bbox 694 653 829 717; x_wconf 84' lang='lat' dir='ltr'>fecunda</span> <span class='ocrx_word' id='word_1_19' title='bbox 850 653 1013 718; x_wconf 87' lang='lat' dir='ltr'>uirtutum.</span> <span class='ocrx_word' id='word_1_20' title='bbox 1059 673 1128 718; x_wconf 90' lang='lat' dir='ltr'>ecoe</span> <span class='ocrx_word' id='word_1_21' title='bbox 1151 654 1300 737; x_wconf 82' lang='lat' dir='ltr'>profanus</span> 
     </span>
     <span class='ocr_line' id='line_1_4' title="bbox 163 756 1301 841; baseline 0.002 -21"><span class='ocrx_word' id='word_1_22' title='bbox 163 756 262 821; x_wconf 90' lang='lat' dir='ltr'>hostis</span> <span class='ocrx_word' id='word_1_23' title='bbox 279 775 453 840; x_wconf 81' lang='lat' dir='ltr'>numquam</span> <span class='ocrx_word' id='word_1_24' title='bbox 475 756 577 821; x_wconf 89' lang='lat' dir='ltr'>beatis</span> <span class='ocrx_word' id='word_1_25' title='bbox 599 758 739 840; x_wconf 88' lang='lat' dir='ltr'>paruulis</span> <span class='ocrx_word' id='word_1_26' title='bbox 763 760 887 822; x_wconf 89' lang='lat' dir='ltr'>tanturn</span> <span class='ocrx_word' id='word_1_27' title='bbox 909 759 1056 840; x_wconf 78' lang='lat' dir='ltr'><strong>prodesse</strong></span> <span class='ocrx_word' id='word_1_28' title='bbox 1078 759 1232 841; x_wconf 90' lang='lat' dir='ltr'>potuisset</span> <span class='ocrx_word' id='word_1_29' title='bbox 1245 758 1301 823; x_wconf 93' lang='lat' dir='ltr'>ob-</span> 
     </span>
     <span class='ocr_line' id='line_1_5' title="bbox 163 861 1300 945; baseline 0.003 -21"><span class='ocrx_word' id='word_1_30' title='bbox 163 862 280 944; x_wconf 91' lang='lat' dir='ltr'>sequio,</span> <span class='ocrx_word' id='word_1_31' title='bbox 309 865 461 944; x_wconf 89' lang='lat' dir='ltr'>qnantum</span> <span class='ocrx_word' id='word_1_32' title='bbox 488 862 606 945; x_wconf 81' lang='lat' dir='ltr'><strong>profuit</strong></span> <span class='ocrx_word' id='word_1_33' title='bbox 633 861 710 926; x_wconf 94' lang='lat' dir='ltr'>odio.</span> <span class='ocrx_word' id='word_1_34' title='bbox 757 880 831 925; x_wconf 91' lang='lat' dir='ltr'>nam</span> <span class='ocrx_word' id='word_1_35' title='bbox 862 861 942 925; x_wconf 90' lang='lat' dir='ltr'>sicut</span> <span class='ocrx_word' id='word_1_36' title='bbox 969 863 1182 927; x_wconf 89' lang='lat' dir='ltr'>sacratissima</span> <span class='ocrx_word' id='word_1_37' title='bbox 1210 881 1300 945; x_wconf 90' lang='lat' dir='ltr'>prae-</span> 
     </span>
     <span class='ocr_line' id='line_1_6' title="bbox 163 966 1339 1049; baseline 0.004 -21"><span class='ocrx_word' id='word_1_38' title='bbox 163 966 260 1030; x_wconf 91' lang='lat' dir='ltr'>sentis</span> <span class='ocrx_word' id='word_1_39' title='bbox 284 967 344 1030; x_wconf 92' lang='lat' dir='ltr'>diei</span> <span class='ocrx_word' id='word_1_40' title='bbox 366 968 447 1030; x_wconf 86' lang='lat' dir='ltr'>festa</span> <span class='ocrx_word' id='word_1_41' title='bbox 470 966 684 1046; x_wconf 83' lang='lat' dir='ltr'>manifestant,</span> <span class='ocrx_word' id='word_1_42' title='bbox 715 969 869 1048; x_wconf 89' lang='lat' dir='ltr'>quantum</span> <span class='ocrx_word' id='word_1_43' title='bbox 891 970 1000 1031; x_wconf 89' lang='lat' dir='ltr'>contra</span> <span class='ocrx_word' id='word_1_44' title='bbox 1021 966 1129 1032; x_wconf 88' lang='lat' dir='ltr'>beatos</span> <span class='ocrx_word' id='word_1_45' title='bbox 1150 967 1299 1049; x_wconf 86' lang='lat' dir='ltr'>paruulos</span> <span class='ocrx_word' id='word_1_46' title='bbox 1326 992 1339 1033; x_wconf 78' lang='lat' dir='ltr'>a</span> 
     </span>
     <span class='ocr_line' id='line_1_7' title="bbox 162 1069 1297 1154; baseline 0.003 -21"><span class='ocrx_word' id='word_1_47' title='bbox 162 1069 308 1151; x_wconf 89' lang='lat' dir='ltr'>iniquitas</span> <span class='ocrx_word' id='word_1_48' title='bbox 333 1070 515 1150; x_wconf 90' lang='lat' dir='ltr'>abundauit,</span> <span class='ocrx_word' id='word_1_49' title='bbox 538 1073 661 1135; x_wconf 89' lang='lat' dir='ltr'>tantum</span> <span class='ocrx_word' id='word_1_50' title='bbox 684 1071 777 1134; x_wconf 90' lang='lat' dir='ltr'>ineis</span> <span class='ocrx_word' id='word_1_51' title='bbox 801 1071 903 1154; x_wconf 84' lang='lat' dir='ltr'>gratia</span> <span class='ocrx_word' id='word_1_52' title='bbox 924 1071 1149 1136; x_wconf 77' lang='lat' dir='ltr'>benedictionis</span> <span class='ocrx_word' id='word_1_53' title='bbox 1172 1071 1297 1136; x_wconf 87' lang='lat' dir='ltr'>effulsit</span> 
     </span>
     <span class='ocr_line' id='line_1_8' title="bbox 162 1174 1299 1257; baseline 0.004 -21"><span class='ocrx_word' id='word_1_54' title='bbox 162 1174 205 1237; x_wconf 88' lang='lat' dir='ltr'>sic</span> <span class='ocrx_word' id='word_1_55' title='bbox 220 1175 305 1239; x_wconf 91' lang='lat' dir='ltr'>enim</span> <span class='ocrx_word' id='word_1_56' title='bbox 319 1175 413 1257; x_wconf 92' lang='lat' dir='ltr'>paulo</span> <span class='ocrx_word' id='word_1_57' title='bbox 428 1179 499 1239; x_wconf 91' lang='lat' dir='ltr'>ante</span> <span class='ocrx_word' id='word_1_58' title='bbox 516 1175 704 1256; x_wconf 90' lang='lat' dir='ltr'>audiuimus,</span> <span class='ocrx_word' id='word_1_59' title='bbox 720 1176 813 1257; x_wconf 92' lang='lat' dir='ltr'>quod,</span> <span class='ocrx_word' id='word_1_60' title='bbox 830 1194 902 1238; x_wconf 91' lang='lat' dir='ltr'>curn</span> <span class='ocrx_word' id='word_1_61' title='bbox 914 1175 1054 1240; x_wconf 89' lang='lat' dir='ltr'>Herodes</span> <span class='ocrx_word' id='word_1_62' title='bbox 1068 1195 1122 1240; x_wconf 81' lang='lat' dir='ltr'>rex</span> <span class='ocrx_word' id='word_1_63' title='bbox 1138 1175 1299 1241; x_wconf 76' lang='lat' dir='ltr'>Christum</span> 
     </span>
     <span class='ocr_line' id='line_1_9' title="bbox 161 1280 1298 1362; baseline 0.002 -20"><span class='ocrx_word' id='word_1_64' title='bbox 161 1283 412 1362; x_wconf 86' lang='lat' dir='ltr'>persequeretur,</span> <span class='ocrx_word' id='word_1_65' title='bbox 443 1280 530 1345; x_wconf 88' lang='lat' dir='ltr'>milia</span> <span class='ocrx_word' id='word_1_66' title='bbox 556 1280 693 1343; x_wconf 88' lang='lat' dir='ltr'>felicium</span> <span class='ocrx_word' id='word_1_67' title='bbox 722 1281 858 1344; x_wconf 82' lang='lat' dir='ltr'>extincta</span> <span class='ocrx_word' id='word_1_68' title='bbox 884 1283 958 1345; x_wconf 91' lang='lat' dir='ltr'>sunt</span> <span class='ocrx_word' id='word_1_69' title='bbox 983 1299 1151 1362; x_wconf 87' lang='lat' dir='ltr'>puerorum</span> <span class='ocrx_word' id='word_1_70' title='bbox 1178 1281 1298 1346; x_wconf 91' lang='lat' dir='ltr'>dicente</span> 
     </span>
     <span class='ocr_line' id='line_1_10' title="bbox 161 1384 1299 1467; baseline 0.002 -19"><span class='ocrx_word' id='word_1_71' title='bbox 161 1384 324 1467; x_wconf 90' lang='lat' dir='ltr'>propheta:</span> <span class='ocrx_word' id='word_1_72' title='bbox 354 1385 493 1449; x_wconf 78' lang='lat' dir='ltr'>Rachel</span> <span class='ocrx_word' id='word_1_73' title='bbox 522 1385 674 1466; x_wconf 88' lang='lat' dir='ltr'>plorans</span> <span class='ocrx_word' id='word_1_74' title='bbox 705 1384 809 1448; x_wconf 81' lang='lat' dir='ltr'>tilios</span> <span class='ocrx_word' id='word_1_75' title='bbox 840 1402 925 1448; x_wconf 89' lang='lat' dir='ltr'>suos</span> <span class='ocrx_word' id='word_1_76' title='bbox 955 1388 993 1448; x_wconf 91' lang='lat' dir='ltr'>et</span> <span class='ocrx_word' id='word_1_77' title='bbox 1022 1386 1143 1450; x_wconf 92' lang='lat' dir='ltr'>noluit</span> <span class='ocrx_word' id='word_1_78' title='bbox 1172 1404 1299 1450; x_wconf 88' lang='lat' dir='ltr'>conso-</span> 
     </span>
     <span class='ocr_line' id='line_1_11' title="bbox 160 1487 1350 1572; baseline 0.003 -21"><span class='ocrx_word' id='word_1_79' title='bbox 160 1487 244 1569; x_wconf 89' lang='lat' dir='ltr'>lari,</span> <span class='ocrx_word' id='word_1_80' title='bbox 261 1489 432 1570; x_wconf 91' lang='lat' dir='ltr'>quianon</span> <span class='ocrx_word' id='word_1_81' title='bbox 449 1492 544 1552; x_wconf 89' lang='lat' dir='ltr'>sunt.</span> <span class='ocrx_word' id='word_1_82' title='bbox 577 1489 703 1554; x_wconf 88' lang='lat' dir='ltr'>obeata</span> <span class='ocrx_word' id='word_1_83' title='bbox 718 1507 832 1572; x_wconf 91' lang='lat' dir='ltr'>parens</span> <span class='ocrx_word' id='word_1_84' title='bbox 847 1489 1096 1570; x_wconf 90' lang='lat' dir='ltr'>triumphalium,</span> <span class='ocrx_word' id='word_1_85' title='bbox 1116 1491 1297 1555; x_wconf 91' lang='lat' dir='ltr'>inlustrium</span> <span class='ocrx_word' id='word_1_86' title='bbox 1324 1515 1350 1555; x_wconf 82' lang='lat' dir='ltr'>ro</span> 
     </span>
     <span class='ocr_line' id='line_1_12' title="bbox 160 1591 1298 1677; baseline 0.002 -21"><span class='ocrx_word' id='word_1_87' title='bbox 160 1593 260 1675; x_wconf 86' lang='lat' dir='ltr'>patria</span> <span class='ocrx_word' id='word_1_88' title='bbox 274 1591 470 1673; x_wconf 79' lang='lat' dir='ltr'>bellatorum,</span> <span class='ocrx_word' id='word_1_89' title='bbox 494 1595 653 1658; x_wconf 90' lang='lat' dir='ltr'>tantorum</span> <span class='ocrx_word' id='word_1_90' title='bbox 673 1593 760 1656; x_wconf 89' lang='lat' dir='ltr'>dines</span> <span class='ocrx_word' id='word_1_91' title='bbox 782 1593 960 1677; x_wconf 85' lang='lat' dir='ltr'>pignorum,</span> <span class='ocrx_word' id='word_1_92' title='bbox 982 1594 1072 1674; x_wconf 87' lang='lat' dir='ltr'>qnasi</span> <span class='ocrx_word' id='word_1_93' title='bbox 1095 1595 1134 1657; x_wconf 94' lang='lat' dir='ltr'>ad</span> <span class='ocrx_word' id='word_1_94' title='bbox 1157 1611 1298 1659; x_wconf 91' lang='lat' dir='ltr'>momen·</span> 
     </span>
     <span class='ocr_line' id='line_1_13' title="bbox 160 1696 1297 1780; baseline 0.001 -20"><span class='ocrx_word' id='word_1_95' title='bbox 160 1699 226 1760; x_wconf 88' lang='lat' dir='ltr'>turn</span> <span class='ocrx_word' id='word_1_96' title='bbox 249 1697 347 1761; x_wconf 89' lang='lat' dir='ltr'>oculis</span> <span class='ocrx_word' id='word_1_97' title='bbox 370 1697 601 1780; x_wconf 78' lang='lat' dir='ltr'>inspicientium</span> <span class='ocrx_word' id='word_1_98' title='bbox 625 1696 726 1761; x_wconf 91' lang='lat' dir='ltr'>orbari</span> <span class='ocrx_word' id='word_1_99' title='bbox 749 1697 819 1761; x_wconf 89' lang='lat' dir='ltr'>uisa</span> <span class='ocrx_word' id='word_1_100' title='bbox 841 1701 898 1777; x_wconf 92' lang='lat' dir='ltr'>est,</span> <span class='ocrx_word' id='word_1_101' title='bbox 925 1715 1100 1779; x_wconf 90' lang='lat' dir='ltr'>numquam</span> <span class='ocrx_word' id='word_1_102' title='bbox 1121 1702 1227 1763; x_wconf 87' lang='lat' dir='ltr'>tamen</span> <span class='ocrx_word' id='word_1_103' title='bbox 1250 1699 1297 1762; x_wconf 93' lang='lat' dir='ltr'>in-</span> 
     </span>
     <span class='ocr_line' id='line_1_14' title="bbox 160 1799 1297 1885; baseline 0.004 -21"><span class='ocrx_word' id='word_1_104' title='bbox 160 1800 243 1884; x_wconf 85' lang='lat' dir='ltr'>diget</span> <span class='ocrx_word' id='word_1_105' title='bbox 262 1802 414 1866; x_wconf 88' lang='lat' dir='ltr'>consolari</span> <span class='ocrx_word' id='word_1_106' title='bbox 436 1821 494 1866; x_wconf 91' lang='lat' dir='ltr'>neo</span> <span class='ocrx_word' id='word_1_107' title='bbox 515 1803 618 1885; x_wconf 89' lang='lat' dir='ltr'>plorat</span> <span class='ocrx_word' id='word_1_108' title='bbox 639 1800 729 1881; x_wconf 87' lang='lat' dir='ltr'>tilios,</span> <span class='ocrx_word' id='word_1_109' title='bbox 752 1819 829 1883; x_wconf 88' lang='lat' dir='ltr'>quos</span> <span class='ocrx_word' id='word_1_110' title='bbox 852 1799 1028 1866; x_wconf 90' lang='lat' dir='ltr'>inhibendis</span> <span class='ocrx_word' id='word_1_111' title='bbox 1051 1801 1198 1883; x_wconf 88' lang='lat' dir='ltr'>luctibus,</span> <span class='ocrx_word' id='word_1_112' title='bbox 1221 1803 1297 1868; x_wconf 92' lang='lat' dir='ltr'>dum</span> 
     </span>
     <span class='ocr_line' id='line_1_15' title="bbox 159 1905 1296 1989; baseline 0.003 -21"><span class='ocrx_word' id='word_1_113' title='bbox 159 1905 343 1986; x_wconf 85' lang='lat' dir='ltr'>perdiderat,</span> <span class='ocrx_word' id='word_1_114' title='bbox 366 1905 541 1988; x_wconf 84' lang='lat' dir='ltr'>adquisibit.</span> <span class='ocrx_word' id='word_1_115' title='bbox 576 1905 669 1970; x_wconf 89' lang='lat' dir='ltr'>beata</span> <span class='ocrx_word' id='word_1_116' title='bbox 693 1925 736 1986; x_wconf 91' lang='lat' dir='ltr'>es,</span> <span class='ocrx_word' id='word_1_117' title='bbox 760 1923 777 1970; x_wconf 96' lang='lat' dir='ltr'>o</span> <span class='ocrx_word' id='word_1_118' title='bbox 800 1905 986 1970; x_wconf 90' lang='lat' dir='ltr'>Bethlehem</span> <span class='ocrx_word' id='word_1_119' title='bbox 1009 1909 1091 1970; x_wconf 87' lang='lat' dir='ltr'>terra</span> <span class='ocrx_word' id='word_1_120' title='bbox 1105 1906 1193 1986; x_wconf 91' lang='lat' dir='ltr'>Inda,</span> <span class='ocrx_word' id='word_1_121' title='bbox 1217 1925 1296 1989; x_wconf 88' lang='lat' dir='ltr'>qnae</span> 
     </span>
     <span class='ocr_line' id='line_1_16' title="bbox 159 2009 1348 2094; baseline 0.003 -22"><span class='ocrx_word' id='word_1_122' title='bbox 159 2009 290 2075; x_wconf 90' lang='lat' dir='ltr'>Herodis</span> <span class='ocrx_word' id='word_1_123' title='bbox 317 2011 398 2094; x_wconf 86' lang='lat' dir='ltr'>regis</span> <span class='ocrx_word' id='word_1_124' title='bbox 426 2011 646 2075; x_wconf 90' lang='lat' dir='ltr'>inmanitatem</span> <span class='ocrx_word' id='word_1_125' title='bbox 675 2011 709 2074; x_wconf 95' lang='lat' dir='ltr'>in</span> <span class='ocrx_word' id='word_1_126' title='bbox 737 2028 905 2091; x_wconf 88' lang='lat' dir='ltr'>puerorum</span> <span class='ocrx_word' id='word_1_127' title='bbox 932 2010 1118 2076; x_wconf 83' lang='lat' dir='ltr'>extinctione</span> <span class='ocrx_word' id='word_1_128' title='bbox 1148 2030 1297 2094; x_wconf 88' lang='lat' dir='ltr'>perpessa</span> <span class='ocrx_word' id='word_1_129' title='bbox 1323 2037 1348 2076; x_wconf 79' lang='lat' dir='ltr'>1e</span> 
     </span>
     <span class='ocr_line' id='line_1_17' title="bbox 159 2113 1296 2198; baseline 0.004 -22"><span class='ocrx_word' id='word_1_130' title='bbox 159 2132 201 2193; x_wconf 91' lang='lat' dir='ltr'>es,</span> <span class='ocrx_word' id='word_1_131' title='bbox 229 2133 308 2195; x_wconf 90' lang='lat' dir='ltr'>qnae</span> <span class='ocrx_word' id='word_1_132' title='bbox 332 2114 389 2188; x_wconf 84' lang='lat' dir='ltr'>sub</span> <span class='ocrx_word' id='word_1_133' title='bbox 413 2133 475 2179; x_wconf 90' lang='lat' dir='ltr'>uno</span> <span class='ocrx_word' id='word_1_134' title='bbox 498 2119 637 2198; x_wconf 89' lang='lat' dir='ltr'>ternpore</span> <span class='ocrx_word' id='word_1_135' title='bbox 660 2113 859 2179; x_wconf 86' lang='lat' dir='ltr'>candidatam</span> <span class='ocrx_word' id='word_1_136' title='bbox 886 2113 1011 2197; x_wconf 91' lang='lat' dir='ltr'>plebem</span> <span class='ocrx_word' id='word_1_137' title='bbox 1038 2115 1164 2179; x_wconf 89' lang='lat' dir='ltr'>inbellis</span> <span class='ocrx_word' id='word_1_138' title='bbox 1192 2116 1296 2180; x_wconf 81' lang='lat' dir='ltr'>infan-</span> 
     </span>
     <span class='ocr_line' id='line_1_18' title="bbox 158 2218 604 2284; baseline 0.004 -3"><span class='ocrx_word' id='word_1_139' title='bbox 158 2218 219 2282; x_wconf 86' lang='lat' dir='ltr'>tiae</span> <span class='ocrx_word' id='word_1_140' title='bbox 243 2218 299 2283; x_wconf 91' lang='lat' dir='ltr'>deo</span> <span class='ocrx_word' id='word_1_141' title='bbox 322 2219 432 2284; x_wconf 84' lang='lat' dir='ltr'>offerre</span> <span class='ocrx_word' id='word_1_142' title='bbox 455 2219 604 2283; x_wconf 88' lang='lat' dir='ltr'>meruisti.</span> 
     </span>
    </p>

    <p class='ocr_par' dir='ltr' id='par_1_3' title="bbox 99 2322 1346 3450">
     <span class='ocr_line' id='line_1_19' title="bbox 199 2322 1294 2406; baseline 0.004 -22"><span class='ocrx_word' id='word_1_143' title='bbox 199 2322 302 2406; x_wconf 86' lang='lat' dir='ltr'>Digne</span> <span class='ocrx_word' id='word_1_144' title='bbox 317 2325 423 2387; x_wconf 90' lang='lat' dir='ltr'>tamen</span> <span class='ocrx_word' id='word_1_145' title='bbox 439 2323 576 2387; x_wconf 90' lang='lat' dir='ltr'>natalem</span> <span class='ocrx_word' id='word_1_146' title='bbox 590 2322 720 2387; x_wconf 89' lang='lat' dir='ltr'>colimus</span> <span class='ocrx_word' id='word_1_147' title='bbox 737 2323 872 2402; x_wconf 90' lang='lat' dir='ltr'>illorum,</span> <span class='ocrx_word' id='word_1_148' title='bbox 889 2341 967 2404; x_wconf 90' lang='lat' dir='ltr'>qnos</span> <span class='ocrx_word' id='word_1_149' title='bbox 982 2322 1137 2386; x_wconf 83' lang='lat' dir='ltr'>beatiores</span> <span class='ocrx_word' id='word_1_150' title='bbox 1151 2326 1294 2388; x_wconf 89' lang='lat' dir='ltr'>aeternae</span> 
     </span>
     <span class='ocr_line' id='line_1_20' title="bbox 159 2425 1293 2510; baseline 0.003 -21"><span class='ocrx_word' id='word_1_151' title='bbox 159 2425 241 2490; x_wconf 89' lang='lat' dir='ltr'>uitae</span> <span class='ocrx_word' id='word_1_152' title='bbox 264 2428 399 2491; x_wconf 90' lang='lat' dir='ltr'>mundns</span> <span class='ocrx_word' id='word_1_153' title='bbox 422 2426 528 2508; x_wconf 93' lang='lat' dir='ltr'>edidit,</span> <span class='ocrx_word' id='word_1_154' title='bbox 551 2445 646 2509; x_wconf 87' lang='lat' dir='ltr'>qnam</span> <span class='ocrx_word' id='word_1_155' title='bbox 669 2445 746 2508; x_wconf 92' lang='lat' dir='ltr'>quos</span> <span class='ocrx_word' id='word_1_156' title='bbox 770 2430 984 2491; x_wconf 89' lang='lat' dir='ltr'>maternorum</span> <span class='ocrx_word' id='word_1_157' title='bbox 1006 2426 1163 2490; x_wconf 91' lang='lat' dir='ltr'>uiscerum</span> <span class='ocrx_word' id='word_1_158' title='bbox 1184 2430 1293 2510; x_wconf 89' lang='lat' dir='ltr'>partus</span> 
     </span>
     <span class='ocr_line' id='line_1_21' title="bbox 158 2529 1346 2614; baseline 0.003 -21"><span class='ocrx_word' id='word_1_159' title='bbox 158 2529 275 2612; x_wconf 89' lang='lat' dir='ltr'>effudit,</span> <span class='ocrx_word' id='word_1_160' title='bbox 300 2531 325 2594; x_wconf 90' lang='lat' dir='ltr'>si</span> <span class='ocrx_word' id='word_1_161' title='bbox 344 2530 469 2612; x_wconf 93' lang='lat' dir='ltr'>quidem</span> <span class='ocrx_word' id='word_1_162' title='bbox 491 2535 562 2596; x_wconf 92' lang='lat' dir='ltr'>ante</span> <span class='ocrx_word' id='word_1_163' title='bbox 582 2532 665 2595; x_wconf 90' lang='lat' dir='ltr'>uitae</span> <span class='ocrx_word' id='word_1_164' title='bbox 688 2534 856 2614; x_wconf 90' lang='lat' dir='ltr'>perpetuae</span> <span class='ocrx_word' id='word_1_165' title='bbox 879 2530 984 2613; x_wconf 88' lang='lat' dir='ltr'>adepti</span> <span class='ocrx_word' id='word_1_166' title='bbox 1007 2534 1080 2594; x_wconf 89' lang='lat' dir='ltr'>sunt</span> <span class='ocrx_word' id='word_1_167' title='bbox 1095 2530 1293 2614; x_wconf 86' lang='lat' dir='ltr'>dignitatern,</span> <span class='ocrx_word' id='word_1_168' title='bbox 1319 2558 1346 2597; x_wconf 79' lang='lat' dir='ltr'>eo</span> 
     </span>
     <span class='ocr_line' id='line_1_22' title="bbox 158 2635 1320 2719; baseline 0.002 -21"><span class='ocrx_word' id='word_1_169' title='bbox 158 2651 250 2715; x_wconf 89' lang='lat' dir='ltr'>quam</span> <span class='ocrx_word' id='word_1_170' title='bbox 273 2653 402 2700; x_wconf 86' lang='lat' dir='ltr'>usuram</span> <span class='ocrx_word' id='word_1_171' title='bbox 431 2635 605 2717; x_wconf 87' lang='lat' dir='ltr'>praesentis</span> <span class='ocrx_word' id='word_1_172' title='bbox 629 2635 812 2719; x_wconf 87' lang='lat' dir='ltr'>acciperent.</span> <span class='ocrx_word' id='word_1_173' title='bbox 852 2635 984 2699; x_wconf 86' lang='lat' dir='ltr'>aliorum</span> <span class='ocrx_word' id='word_1_174' title='bbox 1007 2635 1133 2716; x_wconf 90' lang='lat' dir='ltr'>quidem</span> <span class='ocrx_word' id='word_1_175' title='bbox 1156 2635 1293 2717; x_wconf 88' lang='lat' dir='ltr'>pretiosa</span> <span class='ocrx_word' id='word_1_176' title='bbox 1316 2701 1320 2706; x_wconf 88' lang='lat'>.</span> 
     </span>
     <span class='ocr_line' id='line_1_23' title="bbox 158 2740 1292 2824; baseline 0.001 -22"><span class='ocrx_word' id='word_1_177' title='bbox 158 2757 239 2803; x_wconf 90' lang='lat' dir='ltr'>mors</span> <span class='ocrx_word' id='word_1_178' title='bbox 269 2744 443 2824; x_wconf 82' lang='lat' dir='ltr'>martyrum</span> <span class='ocrx_word' id='word_1_179' title='bbox 473 2740 597 2805; x_wconf 89' lang='lat' dir='ltr'>laudern</span> <span class='ocrx_word' id='word_1_180' title='bbox 628 2742 659 2804; x_wconf 92' lang='lat' dir='ltr'>in</span> <span class='ocrx_word' id='word_1_181' title='bbox 689 2741 883 2804; x_wconf 89' lang='lat' dir='ltr'>confessione</span> <span class='ocrx_word' id='word_1_182' title='bbox 912 2740 1092 2823; x_wconf 90' lang='lat' dir='ltr'>promeruit,</span> <span class='ocrx_word' id='word_1_183' title='bbox 1122 2740 1235 2804; x_wconf 91' lang='lat' dir='ltr'>horum</span> <span class='ocrx_word' id='word_1_184' title='bbox 1261 2741 1292 2803; x_wconf 95' lang='lat' dir='ltr'>in</span> 
     </span>
     <span class='ocr_line' id='line_1_24' title="bbox 159 2843 1292 2927; baseline 0.001 -20"><span class='ocrx_word' id='word_1_185' title='bbox 159 2847 424 2909; x_wconf 87' lang='lat' dir='ltr'>consummatione</span> <span class='ocrx_word' id='word_1_186' title='bbox 451 2845 646 2926; x_wconf 79' lang='lat' dir='ltr'>conplacuit,</span> <span class='ocrx_word' id='word_1_187' title='bbox 685 2845 757 2927; x_wconf 90' lang='lat' dir='ltr'>quia</span> <span class='ocrx_word' id='word_1_188' title='bbox 788 2844 966 2927; x_wconf 90' lang='lat' dir='ltr'>incipientis</span> <span class='ocrx_word' id='word_1_189' title='bbox 999 2843 1082 2908; x_wconf 90' lang='lat' dir='ltr'>uitae</span> <span class='ocrx_word' id='word_1_190' title='bbox 1115 2844 1292 2927; x_wconf 90' lang='lat' dir='ltr'>primordiis</span> 
     </span>
     <span class='ocr_line' id='line_1_25' title="bbox 99 2945 1292 3032; baseline 0.001 -21"><span class='ocrx_word' id='word_1_191' title='bbox 99 3021 102 3027; x_wconf 25' lang='lat'>¹</span> <span class='ocrx_word' id='word_1_192' title='bbox 158 2945 222 3030; x_wconf 90' lang='lat' dir='ltr'>ipse</span> <span class='ocrx_word' id='word_1_193' title='bbox 242 2949 287 3012; x_wconf 90' lang='lat' dir='ltr'>eis</span> <span class='ocrx_word' id='word_1_194' title='bbox 310 2967 437 3013; x_wconf 88' lang='lat' dir='ltr'>occasus</span> <span class='ocrx_word' id='word_1_195' title='bbox 458 2949 584 3013; x_wconf 89' lang='lat' dir='ltr'>initium</span> <span class='ocrx_word' id='word_1_196' title='bbox 603 2949 719 3032; x_wconf 84' lang='lat' dir='ltr'>gloriae</span> <span class='ocrx_word' id='word_1_197' title='bbox 740 2948 835 3028; x_wconf 86' lang='lat' dir='ltr'>dedit,</span> <span class='ocrx_word' id='word_1_198' title='bbox 859 2948 912 3030; x_wconf 91' lang='lat' dir='ltr'>qui</span> <span class='ocrx_word' id='word_1_199' title='bbox 933 2947 1106 3030; x_wconf 88' lang='lat' dir='ltr'>praesentis</span> <span class='ocrx_word' id='word_1_200' title='bbox 1121 2947 1292 3012; x_wconf 90' lang='lat' dir='ltr'>terminum</span> 
     </span>
     <span class='ocr_line' id='line_1_26' title="bbox 158 3051 1344 3136; baseline 0.003 -20"><span class='ocrx_word' id='word_1_201' title='bbox 158 3052 269 3134; x_wconf 89' lang='lat' dir='ltr'>posuit,</span> <span class='ocrx_word' id='word_1_202' title='bbox 294 3071 370 3135; x_wconf 87' lang='lat' dir='ltr'>quos</span> <span class='ocrx_word' id='word_1_203' title='bbox 393 3053 525 3118; x_wconf 89' lang='lat' dir='ltr'>Herodis</span> <span class='ocrx_word' id='word_1_204' title='bbox 547 3052 692 3136; x_wconf 87' lang='lat' dir='ltr'>impietas</span> <span class='ocrx_word' id='word_1_205' title='bbox 719 3054 871 3117; x_wconf 89' lang='lat' dir='ltr'>lactantes</span> <span class='ocrx_word' id='word_1_206' title='bbox 899 3055 1037 3116; x_wconf 87' lang='lat' dir='ltr'>matrum</span> <span class='ocrx_word' id='word_1_207' title='bbox 1063 3051 1211 3116; x_wconf 90' lang='lat' dir='ltr'>uberibus</span> <span class='ocrx_word' id='word_1_208' title='bbox 1238 3051 1291 3116; x_wconf 91' lang='lat' dir='ltr'>ab·</span> <span class='ocrx_word' id='word_1_209' title='bbox 1317 3079 1344 3120; x_wconf 75' lang='lat' dir='ltr'>aa</span> 
     </span>
     <span class='ocr_line' id='line_1_27' title="bbox 159 3155 1292 3240; baseline 0 -20"><span class='ocrx_word' id='word_1_210' title='bbox 159 3156 275 3238; x_wconf 76' lang='lat' dir='ltr'>charit,</span> <span class='ocrx_word' id='word_1_211' title='bbox 302 3159 355 3239; x_wconf 90' lang='lat' dir='ltr'>qni</span> <span class='ocrx_word' id='word_1_212' title='bbox 376 3157 442 3222; x_wconf 92' lang='lat' dir='ltr'>iure</span> <span class='ocrx_word' id='word_1_213' title='bbox 465 3157 610 3222; x_wconf 90' lang='lat' dir='ltr'>dicuntur</span> <span class='ocrx_word' id='word_1_214' title='bbox 632 3161 807 3240; x_wconf 84' lang='lat' dir='ltr'>martyrum</span> <span class='ocrx_word' id='word_1_215' title='bbox 828 3155 930 3236; x_wconf 86' lang='lat' dir='ltr'>tiores,</span> <span class='ocrx_word' id='word_1_216' title='bbox 958 3173 1034 3238; x_wconf 90' lang='lat' dir='ltr'>quos</span> <span class='ocrx_word' id='word_1_217' title='bbox 1057 3156 1090 3220; x_wconf 93' lang='lat' dir='ltr'>in</span> <span class='ocrx_word' id='word_1_218' title='bbox 1112 3155 1215 3220; x_wconf 90' lang='lat' dir='ltr'>medio</span> <span class='ocrx_word' id='word_1_219' title='bbox 1237 3155 1292 3220; x_wconf 87' lang='lat' dir='ltr'>fn’-</span> 
     </span>
     <span class='ocr_line' id='line_1_28' title="bbox 158 3260 1291 3345; baseline 0 -21"><span class='ocrx_word' id='word_1_220' title='bbox 158 3277 229 3343; x_wconf 86' lang='lat' dir='ltr'>gore</span> <span class='ocrx_word' id='word_1_221' title='bbox 250 3261 443 3326; x_wconf 88' lang='lat' dir='ltr'>infidelitatis</span> <span class='ocrx_word' id='word_1_222' title='bbox 466 3265 586 3326; x_wconf 82' lang='lat' dir='ltr'>exortos</span> <span class='ocrx_word' id='word_1_223' title='bbox 614 3262 731 3345; x_wconf 88' lang='lat' dir='ltr'>primas</span> <span class='ocrx_word' id='word_1_224' title='bbox 755 3263 955 3343; x_wconf 90' lang='lat' dir='ltr'>erumpentes</span> <span class='ocrx_word' id='word_1_225' title='bbox 978 3260 1126 3326; x_wconf 88' lang='lat' dir='ltr'>eeclesiae</span> <span class='ocrx_word' id='word_1_226' title='bbox 1148 3278 1291 3344; x_wconf 86' lang='lat' dir='ltr'>gemmas</span> 
     </span>
     <span class='ocr_line' id='line_1_29' title="bbox 158 3365 1292 3450; baseline -0.002 -20"><span class='ocrx_word' id='word_1_227' title='bbox 158 3367 308 3446; x_wconf 90' lang='lat' dir='ltr'>quaedam</span> <span class='ocrx_word' id='word_1_228' title='bbox 341 3367 564 3450; x_wconf 86' lang='lat' dir='ltr'>persecutionis</span> <span class='ocrx_word' id='word_1_229' title='bbox 595 3366 707 3450; x_wconf 89' lang='lat' dir='ltr'>pruina</span> <span class='ocrx_word' id='word_1_230' title='bbox 737 3366 866 3430; x_wconf 82' lang='lat' dir='ltr'>decoxit.</span> <span class='ocrx_word' id='word_1_231' title='bbox 922 3368 952 3429; x_wconf 92' lang='lat' dir='ltr'>et</span> <span class='ocrx_word' id='word_1_232' title='bbox 985 3365 1054 3429; x_wconf 91' lang='lat' dir='ltr'>ideo</span> <span class='ocrx_word' id='word_1_233' title='bbox 1084 3365 1214 3448; x_wconf 84' lang='lat' dir='ltr'>dignum</span> <span class='ocrx_word' id='word_1_234' title='bbox 1243 3367 1292 3428; x_wconf 88' lang='lat' dir='ltr'>est</span> 
     </span>
    </p>
   </div>
   <div class='ocr_carea' id='block_1_3' title="bbox 258 3527 1035 3598">
    <p class='ocr_par' dir='ltr' id='par_1_4' title="bbox 258 3527 1035 3598">
     <span class='ocr_line' id='line_1_30' title="bbox 258 3527 1035 3598; baseline -0.004 -13"><span class='ocrx_word' id='word_1_235' title='bbox 258 3528 287 3598; x_wconf 85' lang='lat'>9]</span> <span class='ocrx_word' id='word_1_236' title='bbox 305 3527 421 3586; x_wconf 82' lang='lat' dir='ltr'>Hieram.</span> <span class='ocrx_word' id='word_1_237' title='bbox 434 3532 476 3596; x_wconf 87' lang='grc'>31,</span> <span class='ocrx_word' id='word_1_238' title='bbox 491 3533 523 3586; x_wconf 87' lang='lat'>15</span> <span class='ocrx_word' id='word_1_239' title='bbox 529 3550 537 3594; x_wconf 88' lang='lat'>;</span> <span class='ocrx_word' id='word_1_240' title='bbox 554 3529 650 3584; x_wconf 85' lang='lat' dir='ltr'>Matth.</span> <span class='ocrx_word' id='word_1_241' title='bbox 664 3533 689 3598; x_wconf 84' lang='lat'>2,</span> <span class='ocrx_word' id='word_1_242' title='bbox 704 3532 744 3585; x_wconf 87' lang='lat'>18.</span> <span class='ocrx_word' id='word_1_243' title='bbox 800 3528 844 3598; x_wconf 83' lang='lat'>14]</span> <span class='ocrx_word' id='word_1_244' title='bbox 862 3527 958 3582; x_wconf 85' lang='lat' dir='ltr'>Matth.</span> <span class='ocrx_word' id='word_1_245' title='bbox 972 3531 996 3592; x_wconf 85' lang='lat'>2,</span> <span class='ocrx_word' id='word_1_246' title='bbox 1010 3531 1035 3584; x_wconf 89' lang='lat'>6.</span> 
     </span>
    </p>
   </div>
   <div class='ocr_carea' id='block_1_4' title="bbox 156 3685 1290 4140">
    <p class='ocr_par' dir='ltr' id='par_1_5' title="bbox 156 3685 1290 4140">
     <span class='ocr_line' id='line_1_31' title="bbox 200 3685 1290 3760; baseline -0.001 -18"><span class='ocrx_word' id='word_1_247' title='bbox 200 3691 212 3743; x_wconf 97' lang='lat' dir='ltr'>l</span> <span class='ocrx_word' id='word_1_248' title='bbox 236 3687 425 3760; x_wconf 80' lang='lat' dir='ltr'>exrrltatatione</span> <span class='ocrx_word' id='word_1_249' title='bbox 446 3689 477 3742; x_wconf 91' lang='lat' dir='ltr'><em>D</em></span> <span class='ocrx_word' id='word_1_250' title='bbox 546 3687 802 3757; x_wconf 80' lang='lat' dir='ltr'>gaudeat-tia.17</span> <span class='ocrx_word' id='word_1_251' title='bbox 824 3686 958 3754; x_wconf 87' lang='lat' dir='ltr'>mernisti]</span> <span class='ocrx_word' id='word_1_252' title='bbox 980 3688 1015 3754; x_wconf 74' lang='lat' dir='ltr'>es.</span> <span class='ocrx_word' id='word_1_253' title='bbox 1033 3685 1147 3740; x_wconf 71' lang='lat' dir='ltr'>Desabii</span> <span class='ocrx_word' id='word_1_254' title='bbox 1167 3685 1290 3752; x_wconf 66' lang='lat' dir='ltr'>marea)</span> 
     </span>
     <span class='ocr_line' id='line_1_32' title="bbox 156 3772 1290 3843; baseline -0.004 -13"><span class='ocrx_word' id='word_1_255' title='bbox 156 3775 222 3830; x_wconf 79' lang='lat' dir='ltr'>bora.</span> <span class='ocrx_word' id='word_1_256' title='bbox 232 3780 265 3829; x_wconf 86' lang='lat'>11</span> <span class='ocrx_word' id='word_1_257' title='bbox 277 3776 339 3829; x_wconf 83' lang='lat' dir='ltr'>init.</span> <span class='ocrx_word' id='word_1_258' title='bbox 389 3773 491 3843; x_wconf 74' lang='lat' dir='ltr'>nosne]</span> <span class='ocrx_word' id='word_1_259' title='bbox 503 3774 594 3828; x_wconf 87' lang='lat' dir='ltr'>nutrix</span> <span class='ocrx_word' id='word_1_260' title='bbox 606 3774 669 3828; x_wconf 84' lang='lat' dir='ltr'>add.</span> <span class='ocrx_word' id='word_1_261' title='bbox 681 3773 780 3828; x_wconf 79' lang='lat' dir='ltr'>Eaeeb.</span> <span class='ocrx_word' id='word_1_262' title='bbox 833 3775 1038 3828; x_wconf 84' lang='lat' dir='ltr'>2ettantarum</span> <span class='ocrx_word' id='word_1_263' title='bbox 1047 3773 1250 3842; x_wconf 74' lang='lat' dir='ltr'>Aa9.‚tantord</span> <span class='ocrx_word' id='word_1_264' title='bbox 1261 3772 1290 3826; x_wconf 89' lang='lat' dir='ltr'><em>D</em></span> 
     </span>
     <span class='ocr_line' id='line_1_33' title="bbox 156 3858 1289 3931; baseline -0.004 -16"><span class='ocrx_word' id='word_1_265' title='bbox 156 3862 301 3930; x_wconf 86' lang='lat' dir='ltr'>pariensD</span> <span class='ocrx_word' id='word_1_266' title='bbox 334 3860 503 3931; x_wconf 77' lang='lat' dir='ltr'>pphanusD</span> <span class='ocrx_word' id='word_1_267' title='bbox 542 3859 700 3931; x_wconf 74' lang='lat' dir='ltr'>3pdisseD</span> <span class='ocrx_word' id='word_1_268' title='bbox 735 3858 972 3916; x_wconf 87' lang='lat' dir='ltr'>6habnndauitD</span> <span class='ocrx_word' id='word_1_269' title='bbox 1012 3858 1289 3914; x_wconf 77' lang='lat' dir='ltr'>laerbosieenim—</span> 
     </span>
     <span class='ocr_line' id='line_1_34' title="bbox 156 3943 1289 4020; baseline -0.004 -16"><span class='ocrx_word' id='word_1_270' title='bbox 156 3949 202 4004; x_wconf 79' lang='lat' dir='ltr'>lia.</span> <span class='ocrx_word' id='word_1_271' title='bbox 211 3954 246 4004; x_wconf 70' lang='lat'>14</span> <span class='ocrx_word' id='word_1_272' title='bbox 258 3947 404 4017; x_wconf 86' lang='lat' dir='ltr'>adquisiuit</span> <span class='ocrx_word' id='word_1_273' title='bbox 415 3951 513 4004; x_wconf 68' lang='lat' dir='ltr'>obseret</span> <span class='ocrx_word' id='word_1_274' title='bbox 525 3949 601 4020; x_wconf 72' lang='lat' dir='ltr'>aptari</span> <span class='ocrx_word' id='word_1_275' title='bbox 609 3949 681 4018; x_wconf 76' lang='lat' dir='ltr'>Aaq.</span> <span class='ocrx_word' id='word_1_276' title='bbox 721 3945 870 4002; x_wconf 88' lang='lat' dir='ltr'>herodieD</span> <span class='ocrx_word' id='word_1_277' title='bbox 909 3945 1069 4016; x_wconf 74' lang='lat' dir='ltr'>9rachqlD</span> <span class='ocrx_word' id='word_1_278' title='bbox 1109 3943 1289 4000; x_wconf 86' lang='lat' dir='ltr'>10baeataD</span> 
     </span>
     <span class='ocr_line' id='line_1_35' title="bbox 156 4031 1289 4140; baseline -0.004 -50"><span class='ocrx_word' id='word_1_279' title='bbox 156 4035 269 4090; x_wconf 64' lang='lat' dir='ltr'>inlustra</span> <span class='ocrx_word' id='word_1_280' title='bbox 287 4035 318 4091; x_wconf 91' lang='lat' dir='ltr'><em>D</em></span> <span class='ocrx_word' id='word_1_281' title='bbox 371 4037 411 4140; x_wconf 71' lang='grc' dir='ltr'>ιι12</span> <span class='ocrx_word' id='word_1_282' title='bbox 429 4036 574 4106; x_wconf 73' lang='lat' dir='ltr'>inspientid</span> <span class='ocrx_word' id='word_1_283' title='bbox 591 4036 620 4089; x_wconf 90' lang='lat' dir='ltr'><em>D</em></span> <span class='ocrx_word' id='word_1_284' title='bbox 677 4033 777 4102; x_wconf 85' lang='lat' dir='ltr'>indigit</span> <span class='ocrx_word' id='word_1_285' title='bbox 794 4035 825 4088; x_wconf 91' lang='lat' dir='ltr'><em>D</em></span> <span class='ocrx_word' id='word_1_286' title='bbox 886 4036 919 4089; x_wconf 80' lang='lat'>14</span> <span class='ocrx_word' id='word_1_287' title='bbox 940 4031 1075 4104; x_wconf 70' lang='lat' dir='ltr'>bethelem</span> <span class='ocrx_word' id='word_1_288' title='bbox 1093 4033 1123 4086; x_wconf 93' lang='lat' dir='ltr'><em>D</em></span> <span class='ocrx_word' id='word_1_289' title='bbox 1176 4034 1289 4087; x_wconf 76' lang='lat' dir='ltr'>leaeo</span> 
     </span>
    </p>
   </div>
   <div class='ocr_carea' id='block_1_5' title="bbox 155 4142 1288 4393">
    <p class='ocr_par' dir='ltr' id='par_1_6' title="bbox 155 4142 1288 4393">
     <span class='ocr_line' id='line_1_36' title="bbox 156 4142 1288 4216; baseline -0.007 -13"><span class='ocrx_word' id='word_1_290' title='bbox 156 4149 265 4204; x_wconf 86' lang='lat' dir='ltr'>Herodis</span> <span class='ocrx_word' id='word_1_291' title='bbox 283 4151 315 4206; x_wconf 75' lang='lat' dir='ltr'>ie</span> <span class='ocrx_word' id='word_1_292' title='bbox 332 4149 362 4204; x_wconf 92' lang='lat' dir='ltr'><em>D</em></span> <span class='ocrx_word' id='word_1_293' title='bbox 379 4147 468 4203; x_wconf 87' lang='lat' dir='ltr'>eredes</span> <span class='ocrx_word' id='word_1_294' title='bbox 486 4166 592 4204; x_wconf 66' lang='lat' dir='ltr'>mosum</span> <span class='ocrx_word' id='word_1_295' title='bbox 609 4155 647 4204; x_wconf 84' lang='lat' dir='ltr'>eat</span> <span class='ocrx_word' id='word_1_296' title='bbox 701 4150 733 4205; x_wconf 93' lang='grc'>16</span> <span class='ocrx_word' id='word_1_297' title='bbox 751 4163 803 4216; x_wconf 86' lang='lat' dir='ltr'>que</span> <span class='ocrx_word' id='word_1_298' title='bbox 821 4147 850 4202; x_wconf 94' lang='lat' dir='ltr'><em>D</em></span> <span class='ocrx_word' id='word_1_299' title='bbox 903 4149 935 4202; x_wconf 80' lang='lat'>17</span> <span class='ocrx_word' id='word_1_300' title='bbox 953 4145 1075 4216; x_wconf 69' lang='lat' dir='ltr'>meruisti</span> <span class='ocrx_word' id='word_1_301' title='bbox 1094 4146 1123 4199; x_wconf 95' lang='lat' dir='ltr'><em>D</em></span> <span class='ocrx_word' id='word_1_302' title='bbox 1176 4146 1209 4200; x_wconf 89' lang='lat'>18</span> <span class='ocrx_word' id='word_1_303' title='bbox 1225 4142 1288 4198; x_wconf 88' lang='lat' dir='ltr'>bea·</span> 
     </span>
     <span class='ocr_line' id='line_1_37' title="bbox 155 4231 1288 4299; baseline -0.004 -9"><span class='ocrx_word' id='word_1_304' title='bbox 155 4237 236 4291; x_wconf 84' lang='lat' dir='ltr'>tiones</span> <span class='ocrx_word' id='word_1_305' title='bbox 254 4238 285 4292; x_wconf 93' lang='lat' dir='ltr'><em>D</em></span> <span class='ocrx_word' id='word_1_306' title='bbox 355 4238 443 4290; x_wconf 89' lang='lat' dir='ltr'>eterne</span> <span class='ocrx_word' id='word_1_307' title='bbox 461 4236 516 4290; x_wconf 91' lang='lat' dir='ltr'>uite</span> <span class='ocrx_word' id='word_1_308' title='bbox 534 4237 563 4291; x_wconf 96' lang='lat' dir='ltr'><em>D</em></span> <span class='ocrx_word' id='word_1_309' title='bbox 634 4237 665 4292; x_wconf 88' lang='lat'>19</span> <span class='ocrx_word' id='word_1_310' title='bbox 683 4237 867 4289; x_wconf 84' lang='lat' dir='ltr'>maternarum</span> <span class='ocrx_word' id='word_1_311' title='bbox 884 4234 915 4289; x_wconf 94' lang='lat' dir='ltr'><em>D</em></span> <span class='ocrx_word' id='word_1_312' title='bbox 982 4235 1017 4288; x_wconf 85' lang='lat'>20</span> <span class='ocrx_word' id='word_1_313' title='bbox 1039 4232 1094 4285; x_wconf 84' lang='lat' dir='ltr'>uite</span> <span class='ocrx_word' id='word_1_314' title='bbox 1115 4233 1240 4299; x_wconf 87' lang='lat' dir='ltr'>perpetue</span> <span class='ocrx_word' id='word_1_315' title='bbox 1257 4231 1288 4285; x_wconf 95' lang='lat' dir='ltr'><em>D</em></span> 
     </span>
     <span class='ocr_line' id='line_1_38' title="bbox 155 4320 927 4393; baseline -0.006 -13"><span class='ocrx_word' id='word_1_316' title='bbox 155 4325 187 4380; x_wconf 84' lang='lat'>2‘2</span> <span class='ocrx_word' id='word_1_317' title='bbox 203 4323 354 4378; x_wconf 80' lang='lat' dir='ltr'>confesione</span> <span class='ocrx_word' id='word_1_318' title='bbox 371 4321 402 4377; x_wconf 93' lang='lat' dir='ltr'><em>D</em></span> <span class='ocrx_word' id='word_1_319' title='bbox 453 4325 487 4378; x_wconf 85' lang='lat'>23</span> <span class='ocrx_word' id='word_1_320' title='bbox 504 4320 647 4393; x_wconf 86' lang='lat' dir='ltr'>primordis</span> <span class='ocrx_word' id='word_1_321' title='bbox 664 4322 695 4376; x_wconf 95' lang='lat' dir='ltr'><em>D</em></span> <span class='ocrx_word' id='word_1_322' title='bbox 747 4324 781 4376; x_wconf 81' lang='lat'>28</span> <span class='ocrx_word' id='word_1_323' title='bbox 799 4320 883 4390; x_wconf 67' lang='lat' dir='ltr'>quida</span> <span class='ocrx_word' id='word_1_324' title='bbox 898 4321 927 4375; x_wconf 94' lang='lat' dir='ltr'><em>D</em></span> 
     </span>
    </p>
   </div>
   <div class='ocr_carea' id='block_1_6' title="bbox 0 0 1554 4892">
    <p class='ocr_par' dir='ltr' id='par_1_7' title="bbox 0 0 1554 4892">
     <span class='ocr_line' id='line_1_39' title="bbox 0 0 1554 4892; baseline 0 3"><span class='ocrx_word' id='word_1_325' title='bbox 0 0 1554 4892; x_wconf 95' lang='lat' dir='ltr'> </span> 
     </span>
    </p>
   </div>
  </div>
 </body>
</html>
