3100 4892
239 387 303 452 326
678 387 744 442 1111.
763 387 872 442 Sermo
891 389 932 444 25.

241 564 459 628 stimonium
491 564 596 627 nohis
628 564 701 627 erit
731 566 767 626 et
797 561 1038 628 manducabit
1067 581 1198 628 carnes
1229 567 1372 628 uestras

241 669 338 732 sicut
360 669 469 751 ignis
501 667 793 732 thesaurizastis
817 686 927 749 super
950 671 1087 732 terrain
1111 671 1147 732 et
1169 669 1206 732 in
1229 667 1373 732 deliciis

241 773 438 836 enutristis
469 773 579 837 corda
608 774 737 836 uestra
765 772 803 836 iu
826 772 884 835 die
907 771 1116 836 occisionis.
1161 771 1374 852 haecomnia,

241 876 321 940 sicut
343 876 414 957 diri,
444 877 557 942 tratres
580 876 744 956 carissimi,
776 893 856 958 quae
878 894 935 958 per
956 877 1134 959 apostolum
1168 877 1374 942 comminatus

203 984 291 1046 sest
319 979 472 1062 Christus,
501 982 575 1045 lieet
604 999 661 1045 nos
690 980 824 1045 nimium
854 984 1002 1062 terreant,
1031 999 1094 1045 non
1125 983 1230 1046 tamen
1261 981 1299 1044 de
1328 979 1376 1044 dei

242 1085 453 1150 misericordia
474 1084 701 1168 desperandum
724 1088 781 1150 est.
828 1085 929 1149 adhuc
951 1086 1035 1150 enim
1062 1089 1093 1150 et
1115 1103 1172 1169 ego
1199 1090 1230 1149 et
1252 1085 1316 1149 mei
1336 1085 1376 1148 si-

242 1189 333 1265 miles
356 1190 558 1274 neglegentes
580 1208 652 1254 cum
676 1189 726 1253 dei
748 1189 899 1256 adiutorio
922 1207 1089 1272 possumus
1117 1207 1174 1254 nos
1201 1189 1375 1269 emendare,

243 1294 270 1357 si
300 1294 457 1374 uolumus,
486 1291 540 1379 tsi>
570 1297 602 1359 et
631 1294 830 1376 elimosynas,
860 1312 938 1376 quas
968 1294 1030 1359 hnc
1059 1313 1157 1377 usque
1178 1295 1302 1378 parcius
1332 1293 1376 1356 fe-

243 1399 354 1478 cimus,
376 1398 494 1482 largins
518 1417 680 1481 erogemus
704 1401 736 1462 et
757 1399 965 1480 propeccatis
988 1398 1163 1481 praeteritis
1186 1397 1376 1462 cumdolore

191 1526 219 1566 ro
243 1505 274 1565 et
288 1501 407 1585 gemitu
423 1505 540 1567 etcum
557 1521 612 1586 spe
627 1502 832 1585 reparationis
847 1501 897 1567 dei
912 1502 1156 1567 misericordiam
1166 1503 1375 1585 deprecemur.

285 1605 377 1690 Pnrgo,
412 1607 493 1670 sieut
527 1624 621 1689 supra
654 1606 884 1689 suggessimus
920 1606 1032 1670 fratres
1064 1607 1229 1687 carissimi,
1264 1606 1374 1670 ieiunia

243 1713 349 1774 nostra
371 1709 615 1792 elimosynarum
636 1709 793 1794 pinguedo
821 1710 1030 1790 commendet,
1057 1711 1131 1791 quia
1152 1709 1215 1774 tale
1238 1713 1287 1775 est
1307 1710 1376 1774 iein·

243 1813 331 1878 nium
354 1814 420 1877 sine
443 1813 623 1896 elimosyna,
648 1815 747 1896 qualis
770 1814 837 1879 sine
860 1814 927 1878 oleo
950 1814 1086 1878 lucerna.
1129 1832 1203 1878 nam
1228 1814 1310 1878 sicut
1331 1813 1376 1877 lu-

243 1936 345 1998 cerna,
368 1937 448 1999 quae
464 1919 530 1982 sine
546 1919 613 1982 oleo
630 1917 818 1998 accenditur,
842 1919 996 2001 fumigare
1011 1921 1124 2000 potest,
1140 1919 1248 1982 lumen
1264 1917 1375 1982 hahere

192 2047 216 2087 rs
243 2040 304 2086 non
321 2025 433 2105 potest,
455 2022 500 2086 ita
521 2021 672 2086 ieiunium
695 2022 761 2086 sine
777 2022 948 2104 elimosyna
967 2040 1094 2086 earnem
1110 2022 1235 2104 quidem
1253 2023 1377 2102 cruciat,

243 2127 298 2190 sed
313 2126 452 2190 caritatis
474 2126 593 2190 lumine
616 2126 755 2190 animam
776 2145 840 2190 non
862 2126 1006 2190 illustrat.
1049 2126 1176 2191 interim
1198 2127 1275 2189 dnm
1298 2126 1377 2206 licet,

243 2231 324 2314 quod
353 2230 392 2294 ad
419 2249 567 2312 praesens
597 2231 709 2314 agitur,
740 2231 862 2312 fratres,
893 2231 938 2294 sic
967 2231 1154 2312 ieiunemus,
1186 2233 1221 2295 ut
1250 2230 1379 2314 prandia

242 2338 349 2400 nostra
362 2335 551 2417 pauperibus
568 2339 743 2419 erogentur,
772 2339 816 2415 ut,
839 2335 922 2417 quod
937 2336 1081 2417 pransuri
1105 2353 1240 2415 eramus,
1265 2335 1378 2400 nonin

243 2439 358 2503 nostris
380 2439 524 2520 saeculis,
551 2440 606 2504 sed
633 2441 666 2503 in
692 2439 865 2504 uisceribus
888 2457 1061 2522 pauperum
1083 2457 1284 2522 reponamus,
1312 2439 1380 2520 quia

191 2568 218 2608 eo
244 2561 356 2608 manus
384 2543 528 2626 pauperis
555 2543 811 2627 gazophylacium
840 2542 955 2608 Christi
982 2547 1039 2609 est.
1084 2543 1231 2627 quioquid
1259 2543 1379 2627 accipit,

243 2666 282 2710 ne
310 2647 342 2710 in
368 2651 452 2711 terra
476 2651 595 2730 pereat,
627 2649 659 2713 in
687 2648 772 2712 eaelo
800 2649 967 2730 reponitur,
998 2650 1079 2730 quia,
1110 2649 1254 2730 quamuis
1283 2646 1379 2726 cibus,

244 2769 337 2832 quem
364 2769 482 2834 pauper
509 2752 631 2833 accipit,
659 2755 870 2832 consumatur,
898 2771 1017 2816 merces
1044 2755 1151 2816 tamen
1177 2751 1253 2815 boni
1281 2751 1380 2835 operis

244 2855 275 2919 in
292 2856 377 2918 eaelo
388 2855 574 2919 reconditur.
598 2874 672 2920 narn
688 2856 715 2920 si
729 2857 861 2938 prandia
876 2859 983 2921 nostra
998 2856 1158 2939 exquisitis
1175 2855 1342 2939 saporibus
1353 2859 1382 2919 et
1408 2869 1412 2876 ·

245 2959 459 3041 multiphcatis
472 2960 597 3023 ferculis
610 2960 781 3042 expendere
795 2960 976 3024 studeamus
989 2961 1027 3024 ad
1043 2978 1184 3040 caenam,
1201 2960 1246 3024 sio
1261 2960 1381 3042 corpori

191 3087 217 3126 es
245 3067 350 3127 nostro
366 3063 495 3127 deliciae
511 3083 574 3128 non
590 3063 827 3144 subtrahuntur,
844 3064 898 3128 sed
915 3065 1009 3129 etiam
1024 3065 1220 3147 duplicantur
1240 3083 1287 3145 ac,
1305 3065 1382 3128 sieut

244 3186 280 3230 eo
303 3167 393 3232 medo
416 3168 536 3251 corpori
558 3171 665 3232 nostro
688 3169 732 3232 nil
759 3169 920 3249 minuitur,
948 3169 993 3232 sic
1020 3168 1144 3237 animae
1172 3169 1215 3233 nil
1239 3172 1380 3252 augetur.

285 3272 384 3352 Haeo,
406 3272 531 3352 fratres,
555 3272 670 3336 timens
686 3273 788 3356 magis
808 3291 903 3354 qnam
920 3273 958 3336 de
973 3272 1063 3338 uobis
1087 3273 1204 3354 ahquid
1219 3273 1381 3338 sinistrum

244 3376 373 3440 credens
396 3376 557 3441 admoneo.
605 3377 667 3440 scio
690 3380 797 3442 tamen
818 3377 922 3460 plures
946 3397 981 3440 er
1004 3377 1093 3441 uobis
1117 3377 1174 3442 deo
1195 3378 1331 3460 propitio
1354 3379 1383 3440 et

287 3557 444 3612 3ocisionis
463 3558 491 3612 P
550 3557 656 3614 6enim
674 3561 702 3612 et
719 3576 770 3614 om.
784 3560 855 3629 Aup.
917 3559 975 3614 8si
992 3559 1073 3628 Aac,
1091 3576 1142 3614 om.
1162 3559 1190 3612 P
1240 3557 1380 3611 helemosi-

244 3661 291 3698 nas
310 3645 337 3698 P
401 3647 434 3700 lo
452 3645 479 3698 et
495 3651 558 3699 cate
577 3661 638 3698 cunr
656 3663 707 3700 om.
721 3646 792 3714 Aac.
860 3647 890 3702 11
911 3645 1029 3713 suggessi
1048 3645 1120 3716 Auy.
1191 3647 1224 3701 12
1241 3644 1381 3698 helemosi-

244 3733 389 3834 narum?
458 3733 491 3787 13
512 3730 683 3801 helemosyna
706 3732 734 3786 P
803 3731 949 3788 141ueem
972 3733 1044 3802 Aug.
1115 3735 1148 3788 15
1171 3731 1336 3785 helemosina
1357 3733 1383 3786 P

246 3847 278 3901 re
304 3811 396 3898 rumai
423 3846 450 3899 P
474 3845 552 3911 (corr.
574 3863 645 3899 aaa.
668 3845 727 3911 an.)
797 3843 862 3898 dum
889 3845 953 3898 neec
979 3846 1017 3899 Ρ2
1043 3847 1075 3900 a
1100 3861 1206 3913 raeda
1238 3845 1282 3898 uu
1309 3846 1379 3915 noy.

246 3960 277 4013 l‘l
290 3915 414 4028 aiircsens
427 3957 577 4024 P(dmaa.
591 3959 651 4024 alt.)
703 3959 737 4012 20
749 3956 973 4026 gazofilaciumP
1018 3957 1381 4028 quicquid1quiquodrlay.

244 4048 276 4101 21
296 4044 401 4114 reponit
418 4045 489 4115 Aup.
550 4046 584 4099 24
602 4062 669 4100 mma
687 4044 826 4099 extendere
845 4046 1036 4101 saltandum?
1097 4045 1119 4098 si
1137 4047 1208 4115 Aup.
1272 4048 1306 4100 25
1330 4061 1381 4100 non

243 4150 378 4202 aaronem.
393 4133 431 4186 P²
483 4147 513 4184 ao
526 4131 601 4235 ¹sicut
618 4147 649 4184 eo
666 4133 773 4201 scripsi,
791 4131 841 4185 hac
860 4132 881 4186 ei
900 4147 951 4200 quc
971 4133 1005 4201 P,
1023 4132 1092 4186 sicut
1109 4133 1181 4202 Aug.
1234 4134 1269 4188 26
1292 4135 1380 4187 nostro

245 4264 296 4301 om.
310 4245 380 4316 Aap.
446 4244 583 4298 minuetur
600 4245 628 4299 P
644 4244 668 4313 (i
686 4262 757 4301 man.
770 4247 830 4314 alt.)
891 4247 925 4302 28
944 4260 1083 4298 ammoneo
1102 4245 1130 4299 P
1189 4245 1292 4316 amen]
1310 4245 1380 4300 euim

246 4334 316 4405 Aug.
370 4331 488 4402 propicio
507 4333 535 4388 P
