3100 4892
212 413 330 468 XXVIII
657 415 902 483 Prolegomena.

212 595 312 654 torum
346 592 502 654 sententia
532 591 563 654 in
595 589 752 654 codicibus
779 608 853 673 prae
881 591 1052 670 scierunt,
1079 595 1186 658 tamen
1213 592 1349 674 eorporis

211 697 260 759 uel
291 695 481 760 collectionis
513 695 611 758 instar
642 694 732 758 nobis
761 695 869 758 traditi
899 698 987 775 sunt,
1018 714 1152 777 cumque
1182 716 1220 759 ne
1250 715 1349 760 unum

210 801 336 880 quidem
360 817 536 863 sermonem
565 819 601 862 ex
624 799 662 861 iis
686 799 802 862 Fausto
826 799 919 862 certis
947 801 1141 883 argumentis
1169 800 1349 880 abiudicari,

209 905 301 986 longe
324 904 476 986 plurimos
500 906 605 966 autem
629 904 705 966 satis
726 907 809 967 certo
830 904 998 967 adiudicari
1012 923 1103 987 posse
1118 905 1349 969 demonstrasse

210 1008 299 1071 nobis
323 1008 508 1087 uideremur,
532 1010 632 1071 totam
655 1009 872 1072 collectionem
887 1008 1003 1073 Fausto
1026 1009 1183 1072 uindicare
1207 1027 1269 1073 non
1283 1010 1349 1072 'dn-

210 1113 390 1176 bitauimus.

251 1217 368 1280 Eadem
396 1216 460 1280 tere
488 1217 728 1299 argumentandi
757 1217 810 1279 uia
836 1217 885 1280 usi
911 1234 1021 1300 corpus
1048 1217 1126 1281 illud
1157 1237 1347 1298 sermonum,

209 1322 261 1403 qui
286 1320 411 1385 codice
434 1320 662 1384 Durlacensi
690 1321 780 1386 nobis
807 1322 883 1385 satis
906 1322 1042 1404 pretioso
1064 1322 1239 1403 traduntur,
1266 1324 1348 1387 Fau·

208 1426 347 1489 stianum
375 1444 444 1488 esse
474 1425 634 1488 euieimus.
672 1426 792 1488 accedit
822 1427 904 1508 quod
934 1428 966 1491 in
996 1427 1139 1510 genuinis
1170 1428 1364 1491 Faustianis.

208 1529 411 1612 agnoscendis
434 1529 562 1593 meliore
586 1529 766 1593 condicione
790 1531 884 1612 quani
907 1531 939 1594 in
961 1531 1117 1612 plerisque
1133 1532 1202 1594 aliis
1218 1533 1348 1614 1111111-

207 1633 293 1697 ribus
321 1634 446 1697 utimur.
485 1651 677 1715 quamquam
705 1634 790 1698 enirn
818 1634 941 1698 dicendi
967 1654 1066 1719 genus
1094 1637 1127 1699 in
1151 1635 1346 1700 sermonibus

207 1739 359 1802 usitatum
382 1738 529 1802 orationis
553 1738 808 1820 proprietatibus
835 1738 948 1820 quibus
972 1740 1104 1821 scriptor
1127 1742 1253 1824 agnosci
1275 1758 1347 1822 pos·

207 1845 258 1922 sit,
281 1843 466 1924 plerumque
493 1847 577 1907 earet
600 1860 701 1924 neque
725 1861 760 1905 111
784 1843 916 1906 materia
938 1847 1073 1908 tractata
1100 1845 1169 1926 ipsa
1190 1845 1251 1908 nisi
1277 1864 1347 1926 per-

205 1965 275 2012 raro
304 1946 475 2029 uestigium
506 1947 641 2011 auctoris
672 1947 928 2030 deprehenditur,
959 1947 1108 2028 Faustus,
1139 1967 1219 2030 quae
1249 1950 1346 2013 semel

207 2051 286 2114 bene
318 2051 438 2114 dixerat
467 2052 517 2114 111
548 2051 627 2115 bene
651 2051 764 2115 dixisse
789 2050 849 2114 sibi
871 2053 958 2115 uisus
982 2055 1040 2132 est,
1072 2053 1148 2116 adeo
1175 2053 1345 2132 adamauit,

205 2159 240 2218 ut
261 2155 375 2219 iterum
398 2159 490 2236 atque
512 2156 625 2218 iterum
647 2158 813 2238 repeteret,
838 2174 933 2238 quare
949 2157 1054 2220 omnia
1069 2157 1178 2220 Fausti
1194 2177 1227 2221 se
1242 2158 1345 2239 ipsum

205 2259 408 2322 exscribentis
431 2277 525 2341 opera
546 2259 787 2341 repetitionibus
803 2263 936 2340 scatent,
959 2260 989 2322 id
1006 2261 1086 2342 quod
1101 2261 1133 2324 in
1149 2262 1345 2326 sermonibus

204 2363 402 2446 potissimum
427 2364 632 2446 agnoscendis
660 2365 776 2426 summi
804 2365 954 2428 momenti
982 2368 1031 2428 est
1054 2368 1087 2428 11
1108 2366 1208 2430 critici
1230 2385 1345 2430 munus

204 2468 288 2531 haud
312 2468 507 2532 mediocriter
530 2467 684 2531 subleuat.
724 2487 820 2549 quare
850 2469 884 2532 in
913 2469 974 2532 illis
1003 2488 1124 2550 quoque
1147 2469 1345 2534 sermonibus

108 2579 110 2582 ’
203 2572 391 2652 Faustianis,
416 2573 469 2654 qui
493 2571 677 2654 singillatim
699 2572 781 2636 iuter
801 2573 877 2636 alias
893 2573 1026 2636 aliorum
1043 2575 1229 2656 scriptorum
1245 2575 1345 2638 homi-

202 2677 260 2739 lias
285 2677 389 2741 traditi
413 2682 496 2756 sunt,
520 2676 733 2740 examinandis
757 2678 873 2740 maiore
897 2676 1086 2742 confidentia
1112 2697 1206 2760 quam
1228 2679 1261 2742 in
1284 2679 1344 2742 alio

203 2780 352 2862 scriptore
369 2780 477 2843 Fausti
501 2781 608 2843 stilum
628 2781 819 2863 inuestigare
835 2784 866 2845 et
881 2781 1013 2863 probare
1028 2785 1220 2863 poteramus,
1242 2802 1345 2866 prac-

202 2885 333 2947 sertim
356 2903 436 2947 cum
460 2883 591 2948 Fausti
613 2887 750 2968 utpote·
765 2903 804 2947 111
825 2886 1032 2949 multorum
1052 2887 1244 2950 sententia
1261 2888 1344 2951 hae·

204 2989 314 3052 retici
337 3006 468 3052 nomeu
492 2991 616 3071 potius
640 2988 807 3052 deletum
831 3007 939 3070 quarn
966 2990 1134 3053 additum
1161 3010 1242 3054 esse
1270 3011 1344 3055 ser-

203 3092 375 3157 monibus
406 3092 465 3156 1111
496 3093 693 3175 quisquam
717 3093 870 3156 infitias
893 3094 980 3156 ierit
1003 3097 1095 3175 atque
1123 3095 1343 3177 comprobetur

202 3200 233 3260 et
254 3196 343 3260 libris
367 3196 404 3259 de
428 3197 538 3279 spiritu
562 3200 680 3278 sancto,
712 3199 765 3279 qui
796 3198 828 3261 in
856 3198 1001 3261 omnibus
1024 3202 1148 3279 praeter
1171 3219 1344 3264 1111111-

201 3299 321 3364 dicibus
337 3300 497 3364 Paschasii
514 3301 636 3366 diaconi
652 3303 778 3365 nomine
795 3301 1067 3384 circumferuntur,
1091 3307 1123 3368 et
1142 3304 1342 3369 homiliarum

200 3406 393 3484 collectione,
417 3424 497 3487 quae
520 3405 657 3486 Eusebii,
682 3423 744 3470 non
766 3406 877 3470 Fausti
899 3407 1025 3470 nomine
1048 3407 1087 3470 ad
1110 3426 1166 3472 nos
1189 3410 1341 3491 peruenit

200 3510 326 3591 itaque
349 3509 479 3574 Fausti
510 3529 639 3574 nomen
672 3510 786 3575 toties
816 3529 834 3574 a
863 3510 1033 3575 librariis
1060 3512 1217 3575 consilio
1245 3513 1342 3578 dele·

201 3618 278 3678 tum
301 3615 483 3708 'homiliae
511 3615 654 3679 cuidam
682 3615 719 3679 in
747 3615 940 3678 codicibus
967 3617 1243 3699 praescriptum
1269 3636 1342 3682 ma·

199 3720 312 3784 iorem
333 3720 603 3783 auctoritatem
624 3718 763 3783 habere
784 3737 892 3802 quarn
908 3719 1112 3804 Augustini
1133 3739 1282 3802 nomen,
1302 3727 1341 3787 ut

199 3824 266 3887 hoe
296 3824 463 3904 exemplo
495 3826 594 3902 utar,
625 3825 739 3887 toties
770 3843 789 3887 a
818 3825 988 3888 librariis
1015 3825 1228 3889 adamatum
1251 3827 1341 3890 mihi

198 3945 419 4009 persuasum
443 3930 508 3990 est.
548 3927 602 3990 sed
625 3927 702 3990 haee
725 3927 873 3992 hocloco
897 3929 934 3992 de
954 3928 1151 3994 sermonibus
1168 3929 1340 4004 sufficiant3

199 4031 329 4113 reliqua,
353 4049 425 4094 cum
449 4031 486 4094 de
508 4034 612 4094 textus
636 4032 707 4095 crisi
730 4050 871 4115 agemus,
895 4033 1050 4097 dabimus.

242 4135 363 4216 Restat,
387 4139 423 4198 ut
446 4135 484 4198 de
507 4134 693 4217 quibusdam
717 4135 788 4199 aliis
812 4137 936 4219 scriptis
959 4137 1056 4202 uerba
1074 4139 1238 4218 faciamus,
1261 4157 1340 4221 quae

200 4240 259 4303 uiri
283 4239 364 4302 docti
386 4239 503 4304 Fausto
526 4239 682 4304 immerito
706 4240 954 4305 uindicauernnt.
994 4260 1030 4306 ac
1048 4243 1186 4324 primum
1201 4243 1340 4325 quidem,

198 4333 365 4424 antequam
390 4343 429 4407 ad
450 4343 574 4425 singrda
589 4361 683 4425 opere
700 4345 912 4409 enumeranda
927 4348 1123 4428 accedamus,
1147 4347 1339 4412 monendum
