3100 4892
237 413 280 477 ’14
697 412 719 466 L
737 412 783 466 De
801 410 909 481 gratia

237 593 298 653 tuo
322 591 358 652 et
380 589 448 653 duo
470 589 598 673 populi
621 589 664 654 de
686 592 819 653 uentre
842 592 904 653 tuo
928 588 1150 654 diuidentur.
1189 588 1271 670 quod
1294 588 1371 653 side

235 692 374 777 praefixa
387 694 457 777 lege
476 694 603 777 originis
626 696 823 773 tractaretur,
846 693 921 774 quid
943 711 1021 777 opus
1045 697 1121 776 erat,
1144 696 1180 758 11
1199 694 1322 758 maioris
1342 696 1373 757 et

236 798 364 863 minoris
388 802 534 879 aetatem,
564 799 647 880 quod
670 797 709 862 ad
731 817 799 862 rem
821 815 884 862 non
905 797 1092 883 pertinebat,
1121 798 1283 879 insereret,
1313 798 1373 862 nisi

237 902 309 984 quia
330 903 412 985 apud
434 902 622 967 Iudaeorum
644 903 822 985 prosapiam
847 920 970 987 semper
993 904 1025 966 in
1048 903 1180 967 duorum
1211 901 1372 967 uocatione

196 1007 421 1090 spopulorum
451 1006 565 1072 seniori
593 1008 695 1071 iunior
725 1007 909 1072 antefertur.
946 1007 979 1091 in
1010 1025 1072 1090 qua
1101 1010 1209 1072 tamen
1238 1007 1372 1089 partium

235 1112 416 1175 diuersitate
439 1111 532 1175 multi
555 1114 586 1175 et
607 1112 645 1175 de
663 1111 787 1175 Iudaeis
811 1110 950 1194 reprobis
974 1112 1131 1195 eliguntur
1154 1111 1245 1176 etde
1268 1110 1374 1175 electis

235 1215 382 1299 gentibus
409 1214 624 1298 reprobantur,
655 1219 690 1280 11
715 1215 881 1299 intellegas
908 1216 939 1281 in
967 1219 1097 1298 utroque
1120 1215 1234 1299 populo
1256 1215 1373 1279 iustum

235 1319 371 1385 iudicem
394 1339 457 1385 non
480 1320 639 1385 decretum
662 1319 839 1400 obsemare,
863 1320 918 1385 sed
940 1320 1062 1384 merita.

279 1422 339 1489 Sed
362 1424 452 1489 dicis:
482 1443 563 1488 cum
590 1425 709 1489 adhue
736 1442 807 1489 non
835 1424 1005 1508 egissent
1031 1424 1172 1505 aliquid
1198 1422 1284 1487 boni
1312 1426 1375 1488 aut

187 1556 212 1595 u
237 1529 339 1609 mali,
374 1529 439 1593 iam
467 1528 639 1613 praefinitis
669 1528 811 1612 partibus
846 1530 1043 1611 deputantur.
1082 1528 1155 1610 quid
1189 1527 1304 1591 mirum
1338 1528 1374 1608 si,

237 1650 370 1715 quorum
400 1637 487 1697 actus
517 1634 681 1715 praeuidit,
712 1651 819 1697 eorum
850 1633 948 1697 exitus
975 1632 1199 1716 praesignauit,
1230 1635 1262 1696 et
1296 1632 1375 1711 ideo,

236 1738 319 1803 sicut
341 1756 392 1801 eos
416 1757 542 1802 cursum
564 1739 691 1802 uiuendi
713 1756 769 1820 pro
793 1738 919 1803 arbitrio
942 1738 1066 1821 proprio
1086 1738 1290 1819 disposituros
1307 1754 1375 1800 esse

236 1841 410 1922 constabat,
433 1843 478 1906 ita
491 1860 546 1926 pro
570 1843 620 1906 dei
639 1844 779 1926 potentia
798 1844 1054 1926 praenoscuntur,
1076 1859 1132 1924 pro
1152 1840 1272 1905 iustitia
1286 1846 1376 1922 prae-

236 1946 438 2011 ordinantur?
467 1947 526 2014 hoe
549 1951 651 2012 totum
674 1948 712 2011 de
734 1948 779 2012 eis
801 1946 997 2031 praedicitur,
1025 1964 1088 2011 non
1113 1944 1305 2027 praefinitur.
1342 1944 1375 2008 in
1473 2000 1476 2005 .

185 2077 210 2117 s
236 2050 329 2115 Iacob
351 2070 424 2135 ergo
444 2050 544 2115 fidelis
566 2052 701 2135 populus
724 2051 917 2132 describitur,
940 2052 973 2115 in
992 2050 1076 2115 Esau
1095 2049 1275 2114 incredulus
1296 2048 1379 2112 desi-

236 2159 361 2239 gnatur,
391 2156 429 2219 de
459 2155 572 2239 quibus
600 2155 740 2237 utrisque
769 2156 814 2220 ita
844 2155 930 2219 dicit:
961 2155 1049 2237 quid
1079 2172 1164 2238 ergo
1194 2152 1376 2233 1111111111,

237 2262 332 2343 quod
353 2264 503 2345 gentes,
534 2279 626 2343 quae
648 2277 720 2325 non
743 2259 989 2324 sectabantur
1016 2258 1218 2338 iustitiam,
1250 2256 1378 2339 adpre-

236 2365 448 2429 henderunt
462 2366 662 2445 iustitiam,
682 2364 870 2428 iustitiam
886 2367 1023 2443 autem,
1047 2380 1139 2444 quae
1156 2381 1196 2425 11
1211 2361 1288 2425 fide
1304 2363 1376 2441 est,

236 2468 357 2533 Israel
380 2488 467 2534 uero
490 2472 640 2532 sectans
662 2470 784 2552 legem
807 2468 976 2532 iustitiae
998 2468 1034 2531 in
1060 2467 1181 2550 legem
1206 2464 1378 2530 iustitiae

184 2600 211 2639 11
236 2592 308 2638 non
337 2572 520 2655 peruenit.
559 2576 695 2654 quare?
725 2573 810 2653 quia
840 2591 910 2636 non
934 2571 1086 2651 enfide,
1118 2570 1179 2635 sed
1206 2569 1312 2652 quasi
1334 2588 1378 2632 en

237 2677 422 2760 operibus.
469 2677 710 2741 offenderunt
747 2677 844 2740 enim
877 2677 914 2740 in
948 2675 1108 2765 lapidem
1142 2673 1377 2739 offensionis.

237 2783 313 2846 dum
328 2781 452 2846 dieitur:
476 2800 547 2846 non
568 2800 609 2845 11
628 2780 818 2863 operibus,
841 2780 941 2861 uides,
965 2780 1037 2863 quie
1051 2780 1129 2864 legis
1146 2796 1240 2862 opera
1254 2778 1379 2841 destru-

237 2890 333 2951 untur
363 2890 395 2950 et
424 2886 506 2968 quod
534 2884 681 2970 gentibus
713 2885 908 2950 oboedientia
937 2886 1021 2948 uiam
1049 2885 1170 2966 aperuit
1192 2882 1231 2947 ad
1254 2882 1379 2945 miseri-

237 2990 384 3070 cordiam,
407 2990 530 3054 ludaeis
552 3008 627 3055 uero
649 2990 839 3072 praecedens
858 2989 1009 3071 iniquitas
1026 2993 1057 3052 et
1071 2987 1270 3052 incredulitas
1285 3004 1380 3069 prae-

186 3122 211 3161 a
237 3095 361 3178 parauit
378 3094 540 3159 offensam.
579 3113 651 3159 non
671 3093 922 3177 exoperibus,
942 3092 1051 3175 inquit,
1074 3092 1137 3156 sed
1158 3110 1199 3155 er
1218 3092 1379 3154 uocante

237 3199 377 3262 dictum
401 3202 465 3264 est.
504 3217 566 3263 non
582 3199 652 3262 illos
668 3198 743 3262 dicit
757 3198 890 3280 propriis
907 3196 1052 3281 operibus
1069 3214 1194 3276 uacuos,
1211 3195 1264 3259 sed
1280 3198 1381 3277 negat

238 3322 274 3368 ex
297 3302 441 3386 operibus
468 3304 546 3388 legis
576 3304 673 3367 fuisse
696 3303 844 3366 saluatus.
884 3302 975 3382 absit,
998 3305 1034 3365 ut
1056 3302 1186 3384 proponi
1207 3300 1259 3364 hic
1288 3300 1380 3362 dem-

237 3410 322 3472 natio
352 3409 478 3491 originis
509 3408 700 3488 aestimetur,
731 3406 784 3471 ubi
815 3406 956 3471 uocantis
986 3406 1165 3489 benignitas
1197 3408 1229 3469 et
1255 3405 1381 3467 obtem-

236 3500 375 3594 perantis
410 3512 570 3577 humilitas
605 3512 803 3595 praedicatur
834 3514 865 3574 et
894 3510 949 3574 ubi
978 3509 1051 3574 fidei
1081 3509 1206 3573 diuitias
1237 3508 1381 3573 1111111111,

185 3643 213 3682 ao
237 3618 391 3700 generalis
413 3618 549 3681 inculcat
572 3634 608 3680 ac
629 3617 737 3680 lumen
760 3615 953 3680 credulitatis
977 3615 1122 3679 insinuat.
1160 3630 1222 3677 non
1246 3629 1317 3695 ergo
1341 3630 1380 3676 se

342 3815 387 3884 16]
405 3814 481 3868 Rom.
500 3818 526 3880 9,
538 3816 580 3870 30.

283 3954 501 4046 ldiuidentgrP
552 3987 689 4043 3111111111·
700 4001 767 4055 quae
779 3986 949 4042 scrobebam
1001 3986 1163 4040 bsenoriP
1213 3983 1346 4039 iuniorem
1364 4004 1382 4041 u

239 4082 402 4146 introquae
420 4078 448 4130 P
513 4074 685 4132 8decretum
702 4075 809 4143 scs-ipsi,
830 4073 937 4127 decretu
956 4073 990 4138 P,
1009 4072 1148 4128 decretae
1216 4069 1380 4139 911111111-

238 4165 302 4234 quid
321 4165 450 4232 (crasam)
467 4165 515 4216 aut
532 4162 559 4217 P
611 4164 644 4217 12
662 4160 839 4231 dispositurus
858 4162 886 4215 P
937 4163 968 4216 15
988 4160 1142 4215 discribitur
1159 4160 1187 4215 P
1245 4160 1278 4214 lc
1294 4158 1381 4212 utris-

238 4292 305 4346 quae
324 4277 352 4330 P
408 4279 440 4332 17
462 4272 713 4345 adpraehenderent
730 4276 758 4329 P
808 4276 842 4329 22
866 4273 1037 4328 distruuutur
1055 4276 1082 4329 P
1136 4274 1169 4327 27
1192 4238 1269 4341 pri’fii
1287 4270 1314 4327 P
1330 4272 1381 4341 (po

239 4382 310 4419 mon.
329 4364 389 4432 ab.)
441 4360 747 4434 281111111111111111
800 4364 833 4421 29
851 4360 924 4431 filldei
941 4360 970 4415 P
1021 4362 1055 4418 30
1072 4358 1185 4417 insultat
1203 4359 1231 4413 P
