3100 4892
728 427 824 481 Liber
842 427 856 480 Ι
876 431 897 483 1.
1342 429 1376 490 ll

245 603 371 667 initium
395 605 497 683 ducat,
529 621 589 668 non
616 605 716 687 possit
739 604 864 688 agnosci
891 621 926 666 ac
950 603 994 667 sio
1016 603 1144 668 liberius
1167 602 1311 667 adfirmet
1333 603 1381 667 in-

242 707 346 771 fantes
370 727 450 771 nexu
467 707 594 791 originis
618 727 678 772 non
703 708 811 771 teneri.
842 708 1011 788 quodcum
1027 707 1112 786 dicit,
1134 707 1249 788 duplici
1270 708 1381 791 impie-

243 816 308 875 tate
332 812 538 894 blasphemat,
562 813 683 876 dumet
706 817 840 876 mortem
863 813 901 875 ad
925 812 1058 876 auctoris
1080 810 1232 876 inuidiam
1253 815 1381 876 reuocat

243 919 276 978 ot
307 915 448 1000 negando
479 917 629 1000 originale
663 917 822 981 uinculum
857 916 992 998 gratiam
1021 916 1205 998 reparatoris
1240 920 1379 980 euacuat.

243 1020 348 1101 itaque
376 1023 410 1083 ut
436 1024 542 1101 posset
564 1039 703 1084 asserere
726 1021 873 1103 paruulos
896 1020 1053 1103 baptismo
1076 1038 1137 1083 non
1161 1038 1262 1102 egere,
1285 1039 1380 1103 gene·
1419 1043 1431 1080 s

241 1125 308 1188 role
335 1127 500 1206 peccatum
527 1125 663 1207 negauit.
703 1143 763 1206 quo
791 1128 904 1207 negato
931 1125 981 1188 hic
1008 1123 1081 1188 ordo
1105 1125 1215 1189 erroris
1238 1123 1287 1186 sui
1309 1123 1379 1203 fuit,
1408 1117 1413 1126 ’

242 1231 290 1306 ut,
313 1227 395 1291 unde
412 1246 495 1291 mors
512 1231 595 1292 esset
609 1232 767 1312 generata,
792 1229 932 1292 nesciret.
962 1228 1035 1309 quid
1051 1229 1166 1290 1111111
1189 1227 1215 1290 11
1238 1226 1380 1290 arborem

241 1332 333 1395 illem
356 1332 563 1396 infractibus
586 1349 647 1396 non
671 1336 830 1415 agnoscat,
853 1350 948 1414 qnam
971 1333 1070 1396 noluit
1091 1332 1123 1394 in
1145 1331 1248 1395 radice
1267 1349 1380 1414 cogno-

242 1439 352 1500 scere?
386 1436 635 1518 quandoquidem
662 1453 790 1500 causam
812 1437 951 1500 uulneris
975 1435 1141 1519 subprimit
1163 1438 1194 1499 et
1217 1434 1380 1500 abscondit

241 1539 392 1624 gladium,
407 1558 466 1622 quo
479 1540 593 1603 uulnus
607 1540 757 1604 inflictum
771 1544 828 1603 est.
850 1540 1091 1623 stipendium,
1108 1540 1220 1621 inquit,
1236 1540 1379 1622 peccati
1408 1562 1432 1601 ro

241 1663 350 1708 mors.
383 1644 455 1726 quia
473 1644 653 1727 intellegere
670 1645 806 1728 neglexit
821 1645 900 1708 tanti
915 1644 1087 1727 principem
1104 1644 1188 1723 mali,
1210 1645 1276 1708 ideo
1291 1645 1380 1727 igno-

240 1749 326 1812 rauit
344 1749 512 1830 inpositam
529 1749 636 1812 mortis
653 1748 860 1812 conditionem
883 1749 1083 1831 pedisequam
1099 1768 1167 1812 esse
1189 1749 1319 1830 peccati,
1342 1748 1379 1811 de

241 1869 306 1933 qua
328 1853 458 1934 praefati
482 1869 603 1916 sumus:
627 1851 857 1934 stipendium
879 1853 1025 1934 peccati
1047 1870 1153 1916 mors.
1188 1853 1316 1935 dignam
1331 1871 1379 1915 se-

239 1955 381 2020 cundum
404 1957 465 2020 tale
481 1974 558 2038 opus
575 1956 750 2020 mercedem
764 1955 891 2039 recepit,
915 1957 976 2020 tale
992 1956 1182 2040 stipendium
1198 1956 1312 2020 meruit
1326 1955 1380 2037 qui

240 2059 367 2124 diabolo
383 2060 536 2124 militauit.
565 2059 646 2124 unde
663 2078 719 2122 uas
736 2060 894 2124 electionis
915 2060 1148 2124 euidentissime
1162 2063 1315 2124 rationem
1329 2079 1378 2123 re·
1407 2082 1430 2120 15

239 2163 431 2246 demptionis
454 2163 589 2228 ostendit
611 2168 641 2227 et
656 2163 815 2244 praedicat
830 2164 949 2228 dicens:
973 2164 1058 2246 quid
1082 2165 1192 2243 enim,
1216 2183 1297 2228 cnm
1321 2164 1379 2228 ad-

239 2268 313 2331 huc
336 2267 477 2331 inlirmi
494 2286 674 2347 11111111,
698 2267 869 2331 Christus
886 2268 1093 2350 proimpiis
1117 2273 1284 2332 mortuus
1300 2272 1377 2332 est?

238 2371 303 2434 uin
327 2371 423 2434 enim
446 2389 509 2453 pro
534 2371 632 2436 iusto
656 2371 736 2453 quis
761 2372 926 2436 moritur,
961 2372 1019 2435 hoc
1035 2372 1213 2437 estdicere:
1237 2372 1379 2436 siabun-

237 2476 348 2538 dasset
363 2475 394 2538 in
411 2475 501 2538 terris
517 2475 648 2555 iustitia,
665 2493 726 2539 non
742 2475 855 2538 luisset
871 2495 887 2538 e
903 2475 998 2539 caelis
1014 2477 1199 2540 transmissa
1215 2477 1376 2541 medicina.

238 2579 298 2643 sed
321 2582 356 2642 ut
379 2579 540 2644 adueniret
563 2579 655 2642 unica
678 2579 807 2658 sanitas
830 2580 984 2662 generalis
1008 2581 1110 2664 eregit
1131 2580 1306 2644 infirmitas.
1404 2602 1429 2639 so

286 2684 373 2748 lnter
392 2683 469 2747 haec
489 2701 560 2747 cunr
580 2684 725 2767 Pelagius
742 2685 838 2748 tantis
860 2685 1093 2768 sacrilegiorum
1113 2686 1246 2749 uinculis
1266 2687 1378 2768 inlige-

238 2792 303 2866 tur,
332 2805 394 2851 non
422 2788 535 2851 mirum
564 2788 590 2851 si
617 2807 671 2870 per
695 2788 861 2870 reprobum
890 2807 1018 2852 sensum
1048 2789 1211 2872 multiplici
1238 2790 1378 2854 tradatur

238 2893 347 2970 errori,
371 2891 424 2973 qui
448 2911 481 2955 se
504 2911 559 2973 per
582 2893 682 2956 solum
705 2891 845 2956 laborem
871 2896 961 2975 putat
982 2912 1074 2976 posse
1096 2894 1220 2958 salnari.
1267 2895 1377 2957 merito

236 2999 350 3060 contra
376 2995 468 3059 huius
493 2996 687 3078 arrogantiae
714 2997 999 3079 praesumptionem
1028 3016 1130 3062 sermo
1159 2998 1283 3062 diuinus
1310 2999 1376 3061 uim

237 3118 316 3163 suae
332 3101 525 3163 auctoritatis
541 3100 591 3163 uel
607 3099 826 3182 increpationis
844 3103 992 3164 exseruit:
1012 3120 1127 3182 nemo,
1144 3103 1254 3184 inquit,
1271 3103 1377 3167 uenit
1403 3122 1428 3160 as

237 3203 284 3267 ad
300 3222 368 3282 111,
393 3203 465 3267 1111
488 3206 591 3285 pater
614 3202 818 3268 adtraxerit
841 3223 936 3284 eum,
960 3205 1135 3268 etiterum:
1158 3223 1228 3269 non
1252 3206 1376 3270 uolen-
1469 3262 1471 3265 .

235 3307 291 3371 tis
314 3326 431 3388 neque
454 3308 652 3387 currentiS,
677 3307 739 3370 sed
757 3308 974 3372 miserentis
998 3312 1055 3372 est
1077 3309 1143 3372 dei.
1168 3309 1249 3391 quod
1265 3310 1375 3374 merito

235 3411 279 3474 ad
307 3431 339 3473 se
364 3411 481 3474 dictum
509 3429 577 3474 esse
599 3410 771 3494 reputabit,
799 3412 852 3492 qui
875 3412 1009 3476 salutem
1037 3431 1126 3476 suam
1154 3432 1225 3475 cum
1248 3413 1374 3496 Pelagio

234 3515 364 3598 propria
393 3515 425 3578 in
456 3515 618 3579 uoluntate
653 3533 688 3578 ao
719 3516 834 3579 uirtute
864 3517 1036 3580 constituit.
1081 3517 1163 3598 quod
1194 3517 1298 3598 utique
1328 3518 1375 3581 illi

233 3617 320 3682 obici
343 3635 404 3682 non
428 3637 554 3682 necesse
578 3623 636 3698 est,
664 3620 715 3700 qui
740 3637 802 3683 non
825 3619 862 3682 de
890 3620 955 3684 solo
977 3619 1082 3684 labore
1110 3621 1291 3702 praesumit,
1319 3622 1374 3685 sed
1401 3641 1427 3679 oo

233 3722 402 3787 conatibus
427 3724 489 3786 suis
513 3723 699 3787 cotidianam
722 3724 771 3787 dei
794 3723 1038 3788 misericordiam
1063 3729 1094 3788 et
1116 3726 1220 3808 iugem
1240 3726 1373 3808 gratiam

345 3876 388 3945 ld]
407 3876 482 3929 ltour.
502 3879 525 3938 5,
539 3881 555 3931 6
568 3893 605 3945 sq.
660 3878 705 3945 25]
725 3875 816 3931 Ioann.
836 3869 914 3939 osta.
968 3877 1013 3946 211]
1033 3879 1205 3942 11111216.

284 4017 295 4069 1
317 4013 380 4068 siP
424 4015 575 4070 adfirmata·
623 4015 766 4084 2origines
779 4017 807 4069 P
852 4019 968 4084 5posset
979 4019 1086 4086 scripsi,
1104 4017 1188 4085 possit
1202 4036 1222 4085 c,
1236 4018 1334 4084 positas
1348 4019 1375 4071 P

231 4117 322 4156 111111
342 4101 369 4154 P
447 4104 479 4156 10
502 4101 594 4169 inquid
613 4103 641 4156 P
710 4105 741 4156 13
767 4105 851 4157 uerbo
877 4102 1039 4171 stipendium
1067 4104 1167 4171 peccati
1194 4119 1264 4156 mors
1291 4107 1372 4158 inter·

226 4189 332 4260 potato
350 4205 403 4242 esse
420 4189 548 4242 nictentur
602 4191 633 4244 14
652 4189 745 4257 recipit
765 4189 792 4242 P
847 4193 877 4244 15
901 4189 1007 4243 diabulo
1026 4192 1053 4244 P
1099 4193 1130 4245 18
1149 4189 1329 4243 habundasset
1347 4192 1375 4244 P

230 4279 266 4331 21
290 4273 487 4342 secrilcglorum
506 4277 532 4329 P
600 4278 634 4330 23
661 4292 688 4328 11
715 4295 765 4331 oro.
788 4295 804 4332 o
873 4279 907 4334 28
934 4277 1068 4344 reputauit
1094 4296 1116 4344 c,
1143 4295 1181 4331 arr
1207 4277 1371 4346 reputauerlt

229 4361 428 4418 coemendum?
