3100 4892
257 434 321 498 342
660 511 664 521 ,
695 428 761 482 ΙΙΠ.
781 428 889 482 Sermo
907 429 948 482 30.

256 609 407 692 propheta
443 608 525 690 patri
559 605 736 688 supplicans
769 622 831 669 non
867 603 969 668 miuus
1004 602 1130 684 spiritus
1164 600 1266 666 sancti
1299 616 1386 681 quarn
1503 631 1504 636 1

256 714 354 797 patris
384 715 416 776 et
440 711 497 776 filii
520 709 697 793 expauescit
718 707 879 773 offensam.
926 727 965 772 nc
987 707 1128 788 proicias,
1158 704 1270 787 inquit,
1300 721 1387 768 mea
1503 713 1504 796 J

257 818 336 882 facie
357 820 420 880 toa.
467 815 559 894 filius,
582 813 665 877 sicut
689 813 793 896 imago
815 812 922 894 patris,
952 813 998 876 ita
1019 814 1052 875 et
1073 809 1168 874 facies
1191 809 1290 892 patris
1314 809 1387 872 acci-
1503 819 1504 866 1

256 923 342 1006 pitur
371 924 403 985 et
427 920 496 984 ideo
519 918 668 1003 legimus:
697 917 889 1000 Philippe‚
921 915 983 999 qui
1004 915 1109 980 uidet
1131 933 1201 994 ma,
1231 913 1334 977 uidet
1355 915 1388 976 et
1503 985 1504 988 Ἴ

218 1055 232 1094 s
256 1030 415 1111 patrem,
437 1025 527 1089 item:
558 1040 628 1105 quo
650 1021 710 1086 ibo
733 1039 752 1085 a
775 1022 911 1104 spiritu
935 1024 997 1085 tuo
1022 1024 1058 1084 et
1079 1037 1148 1102 quo
1172 1037 1190 1083 a
1212 1018 1309 1083 facie
1330 1021 1387 1082 tua
1503 1011 1504 1092 l

256 1130 420 1214 fugiam?
457 1128 594 1208 aduerte,
617 1125 721 1207 infide,
743 1125 899 1208 perfectae
915 1123 1117 1189 confessionis
1138 1123 1324 1206 mysterium
1338 1123 1389 1186 tri·

257 1235 373 1299 nitatis.
407 1232 559 1316 propheta
581 1231 620 1295 ad
642 1235 764 1314 patrem
786 1229 932 1312 loquitm,
955 1229 1068 1294 faciem
1089 1229 1187 1311 patris
1207 1227 1308 1292 filium
1322 1244 1387 1310 pro·

256 1339 362 1403 litetur
391 1355 449 1402 nec
478 1353 541 1400 non
571 1334 719 1399 diffusum
747 1353 803 1417 per
829 1335 934 1399 omnia
957 1333 1100 1416 spiritum
1123 1335 1270 1396 sanctum
1292 1333 1388 1413 prote-

258 1446 366 1508 statur.
417 1441 455 1504 de
484 1439 547 1504 filio
576 1443 681 1504 autem
711 1439 808 1504 etiam
839 1439 877 1503 ad
906 1438 1038 1521 Moysen
1066 1438 1204 1519 loquitur
1233 1436 1387 1500 dominus:

207 1578 232 1616 ιο
257 1547 376 1611 facies
399 1563 479 1610 mea
499 1545 699 1629 praecedet
721 1547 766 1608 te.
814 1543 896 1626 quod
918 1561 1043 1624 nomeu,
1065 1541 1098 1607 id
1121 1545 1169 1606 est
1190 1542 1287 1606 iacies
1307 1540 1387 1605 etad

257 1651 386 1715 unitatis
416 1649 625 1714 substantiam
655 1653 688 1714 et
712 1649 751 1713 ad
774 1649 1030 1713 coaeternitatem
1052 1647 1187 1729 pertinet
1209 1645 1386 1710 maiestatis.

257 1755 366 1820 Esaias
393 1773 513 1839 quoque
536 1755 682 1838 spiritum
704 1757 849 1818 sanctum
872 1771 971 1817 unum
992 1753 1025 1817 in
1048 1753 1146 1836 gloria
1168 1752 1315 1817 trinitatis
1337 1752 1388 1816 ad·

257 1863 412 1941 numerat,
447 1859 569 1942 quando
603 1859 690 1923 dicit:
724 1858 801 1922 nidi
835 1858 1022 1924 dominum
1056 1858 1250 1922 sedentem
1283 1875 1387 1939 super

258 1965 392 2029 solium
422 1964 609 2028 excelsum
638 1967 675 2027 et
703 1961 900 2045 Seraphim
930 1961 1083 2026 stabant
1114 1965 1150 2026 et
1178 1961 1389 2026 clamabant

206 2099 232 2138 15
258 2069 418 2133 altered
443 2068 615 2132 alterum:
647 2071 816 2146 sanctus,
846 2071 1015 2148 sanctus,
1045 2070 1197 2131 sanctus
1222 2067 1388 2130 dominus

257 2174 346 2237 deus
376 2171 547 2238 Sabaoth,
594 2191 610 2235 e
647 2171 681 2235 in
703 2171 904 2252 consequenti
927 2171 1015 2235 dicit:
1047 2175 1083 2235 et
1109 2170 1237 2236 audiui
1266 2189 1389 2235 uocem

257 2277 397 2341 domini
427 2276 605 2341 dicentis:
636 2276 728 2339 uade
758 2279 794 2340 ct
827 2276 928 2339 dices
962 2276 1097 2360 populo
1130 2275 1230 2340 huic:
1266 2275 1390 2340 auditu

257 2381 420 2445 audietis
451 2384 487 2445 et
515 2398 588 2445 non
617 2380 855 2463 intellegetis
886 2383 922 2443 et
951 2380 1123 2444 uidentes
1154 2380 1331 2445 uidebitis
1357 2385 1388 2444 et

257 2504 328 2550 non
350 2484 537 2549 uidebitis.

206 2617 232 2656 ro
302 2588 472 2654 Credamus
495 2589 601 2653 saltim
623 2589 720 2654 Paulo
741 2589 887 2672 praeconi
909 2589 1111 2654 celeberrimo
1133 2589 1285 2672 tentatie,
1312 2591 1387 2673 qnod

257 2697 384 2757 sauctus
413 2693 540 2776 spiritus
570 2693 664 2757 fuerit
692 2694 745 2758 ille
775 2693 920 2758 dominns
950 2694 1151 2774 exercituum,
1185 2713 1281 2776 quem
1314 2696 1387 2760 uidit

256 2799 365 2862 Esaias
389 2799 496 2879 etqui
518 2799 640 2863 locutus
664 2802 713 2862 est
732 2817 788 2880 per
810 2797 946 2862 Esaiam.
992 2799 1046 2862 sed
1076 2799 1149 2881 quia
1174 2801 1259 2865 trina
1281 2799 1387 2884 repeli-

257 2903 340 2966 tione
355 2903 521 2984 persultat:
534 2908 670 2983 sanctus,
684 2907 821 2983 sanctus,
838 2907 975 2984 sanctae,
992 2904 1164 2984 uideamus,
1181 2925 1220 2969 ne
1232 2905 1284 2969 hio
1296 2905 1387 2969 honor

257 3006 296 3070 ad
318 3009 417 3071 totam
440 3007 586 3089 respiciat
607 3007 791 3071 trinitatem.
825 3007 934 3071 Esaias
954 3026 1025 3072 cum
1041 3009 1127 3072 dicit:
1151 3009 1215 3073 uidi
1231 3009 1387 3075 dominnm

206 3137 231 3177 re
258 3109 403 3191 Sabaoth,
425 3115 547 3193 patrem
569 3111 691 3175 ludaeis
704 3111 891 3194 agnoscitur
906 3113 1092 3195 praedicare.
1126 3113 1282 3178 lohannes
1299 3131 1387 3177 euan-

257 3214 369 3297 gelista
391 3218 497 3297 aperte
519 3214 619 3279 filium
641 3214 790 3298 probatur
813 3215 955 3280 adserere
977 3217 1023 3280 ita
1045 3217 1165 3280 dicens:
1196 3221 1387 3301 propterea

257 3336 328 3382 non
350 3321 527 3401 poterant
549 3319 699 3383 credere
721 3319 758 3383 in
782 3320 919 3401 lesum,
942 3321 1028 3402 quia
1049 3321 1143 3386 dixit
1164 3321 1310 3386 Esaias:
1337 3339 1388 3384 er·

257 3424 427 3486 caecauit
456 3424 583 3489 oculos
614 3442 738 3488 eorum
767 3429 803 3489 et
832 3424 1032 3490 obdurauit
1054 3443 1114 3490 cor
1137 3444 1270 3490 eorum.
1316 3428 1387 3490 haeo

257 3525 335 3591 dixit
355 3527 476 3608 Esaias,
507 3529 629 3609 quando
660 3528 738 3592 uidit
767 3530 898 3612 gloriam
928 3528 984 3592 filii
1012 3529 1062 3594 dei
1085 3533 1115 3594 et
1136 3531 1260 3595 locutus
1284 3535 1331 3595 est
1352 3530 1386 3593 do

358 3655 388 3724 l]
401 3655 492 3709 Ioann.
507 3657 548 3720 14,
560 3660 585 3711 9.
622 3657 650 3726 5]
663 3656 762 3711 Psalm.
778 3659 834 3723 138,
848 3661 872 3713 7.
910 3657 1102 3728 lo]l]rod.33,
1117 3661 1157 3714 14.
1195 3659 1240 3728 13]
1253 3659 1321 3714 Esai.
1332 3661 1385 3722 6,1.

258 3742 302 3811 16]
319 3741 388 3796 Esai.
402 3745 426 3808 6,
439 3745 462 3798 8.
516 3743 561 3812 26]
581 3743 672 3797 Ioann.
687 3745 727 3808 12,
741 3746 782 3798 39.

299 3857 376 3910 Eme
394 3855 515 3924 inquiens
533 3857 561 3912 lt
611 3858 688 3911 lma
706 3856 782 3910 uidet
799 3858 826 3912 R
884 3863 967 3914 Suco
985 3875 1038 3911 non
1057 3875 1106 3915 om.
1126 3860 1154 3915 lt
1211 3861 1243 3915 12
1261 3857 1386 3913 Esaias-

256 3944 305 3998 lin.
326 3946 361 3996 19
383 3941 520 4012 uidebitis]
543 3947 578 4012 cf.
599 3945 695 3999 Fuerat.
718 3945 839 4014 despair.
861 3963 881 4000 s.
900 3964 929 4015 p.
951 3950 1011 4013 112,
1033 3951 1119 4001 6-13
1188 3944 1387 4000 annumeratR

257 4031 291 4084 14
307 4029 430 4098 seraphin
448 4031 475 4086 R
528 4032 560 4085 16
578 4033 685 4086 etanta
703 4031 794 4085 audiui
812 4049 862 4088 one.
882 4033 909 4088 R
971 4035 1002 4088 17
1022 4033 1065 4086 dic
1082 4035 1110 4089 R
1165 4036 1200 4090 20
1218 4033 1384 4088 credamus—

251 4135 281 4187 p.
294 4119 355 4185 313,
365 4121 401 4171 30
418 4116 592 4186 adprobatur]
611 4121 645 4186 cf.
659 4119 756 4173 Phaet.
770 4119 803 4174 de
820 4121 885 4188 spir.
899 4138 959 4190 sp.
972 4124 1204 4187 112‚19-11d,7
1256 4119 1386 4174 saltcmR

255 4204 280 4270 (e
298 4220 369 4258 aeon.
382 4205 440 4271 alt.)
492 4204 599 4273 preconi
616 4205 644 4259 R
695 4207 727 4261 21
747 4206 857 4275 spiritus
875 4209 982 4260 sanctus
1000 4209 1028 4263 R
1080 4207 1133 4262 luit
1149 4209 1176 4264 R
1228 4207 1383 4262 exarcituum

256 4289 380 4343 dominns
396 4290 425 4345 R
493 4293 526 4347 22
544 4292 712 4360 responsione
729 4293 757 4347 11
825 4296 858 4349 23
877 4297 983 4348 sanctus
1001 4295 1028 4350 R
1046 4302 1140 4365 quater
1209 4293 1384 4351 2511111111

256 4377 290 4433 26
308 4391 422 4430 asserere
439 4377 467 4434 R
517 4379 552 4435 28
569 4382 724 4432 et-eorum
741 4397 792 4435 om.
811 4381 839 4436 R
