3100 4892
257 410 301 475 52
721 414 742 469 1.
761 413 806 466 De
825 417 934 482 gratia

256 587 312 650 sed
342 588 442 652 cordis
474 589 567 653 elatio
598 588 782 655 declinanda
812 594 868 655 est.
918 608 1040 671 nemo,
1070 590 1186 672 inquit,
1216 590 1324 655 uenit
1353 590 1396 654 ad

255 710 325 771 me,
355 692 429 756 nisi
455 696 562 776 pater
590 694 799 759 adtraxerit
826 714 917 759 eum.
969 694 1122 776 numquid
1150 694 1237 758 uelut
1263 694 1396 758 insensi-

253 794 328 859 bilis
356 799 387 859 et
412 796 520 879 inepta
547 797 694 861 materies
724 798 761 861 de
788 799 854 863 loco
883 799 922 863 ad
949 800 1052 863 locum
1085 798 1259 863 mouendus
1290 800 1338 861 est
1366 801 1396 861 et

253 899 446 964 trahendus?
491 900 545 963 sed
568 901 735 965 adsistenti
757 906 789 967 et
810 903 935 967 uocanti
957 902 1082 967 domino
1105 902 1242 966 famulus
1266 919 1396 965 manum

214 1031 228 1071 r
254 1002 339 1084 fidei,
363 1022 426 1085 qua
448 1004 640 1085 adtrahatur,
668 1006 808 1070 extendit
831 1010 861 1070 et
885 1006 973 1070 dicit:
998 1006 1121 1086 credo,
1150 1005 1309 1086 domine,
1337 1005 1395 1069 ad-

253 1088 668 1174 iuua'incredulitatem
692 1129 820 1174 meam.
860 1115 891 1175 et
910 1112 955 1174 ita
975 1130 1008 1175 se
1028 1110 1088 1175 duo
1108 1111 1170 1175 ista
1191 1110 1394 1194 coniungunt,

254 1212 446 1276 adtrahentis
474 1214 575 1277 uirtus
607 1217 639 1277 ct
668 1213 860 1278 oboedientis
888 1214 1033 1295 affectuS,
1066 1214 1219 1297 quomodo
1248 1215 1276 1278 si
1302 1232 1394 1298 aeger

254 1317 366 1397 aliquis
396 1318 564 1401 adsurgere
595 1323 723 1383 conetur
753 1322 785 1383 et
816 1320 948 1383 facultas
980 1320 1120 1385 animum
1150 1337 1212 1383 non
1248 1324 1394 1401 sequatur

254 1424 285 1484 et
304 1425 467 1504 propterea
487 1421 547 1486 sibi
566 1424 683 1506 porrigi
699 1424 859 1488 dexteram
876 1425 1066 1507 deprecetur.
1101 1425 1217 1489 clamat
1236 1424 1393 1504 noluntas,

202 1551 228 1589 ro
253 1524 327 1606 quia
348 1525 415 1589 sola
436 1545 491 1608 per
514 1545 547 1589 se
571 1528 688 1591 eleuari
710 1528 811 1592 nescit
832 1527 1007 1592 infirmitas.
1047 1528 1091 1593 ita
1113 1528 1257 1592 domiuus
1280 1528 1394 1591 inuitat

253 1629 427 1709 uolentem,
455 1630 591 1695 adtrahit
614 1631 856 1713 desiderantem,
887 1632 979 1716 erigit
1001 1632 1203 1696 adnitentem.
1249 1631 1394 1712 quidest

253 1735 359 1796 autem
379 1733 543 1798 adtrahere
565 1735 626 1798 nisi
646 1736 834 1816 praedicare,
858 1736 919 1801 nisi
937 1737 1160 1819 scripturarum
1176 1735 1393 1800 consolationi-

253 1836 312 1899 bus
343 1838 486 1917 ercitare,
510 1838 774 1922 increpationibus
795 1841 960 1921 deterrere,
984 1840 1188 1905 desideranda
1211 1856 1391 1922 proponere,

253 1941 408 2004 intentare
432 1942 611 2023 metuenda,
633 1943 782 2007 iudicium
807 1945 999 2025 comminari,
1027 1945 1200 2027 praemium
1231 1942 1391 2024 polliceri?

201 2068 226 2108 15
295 2042 378 2108 Audi
401 2045 562 2110 dominum
587 2065 647 2110 non
670 2047 756 2111 duris
781 2048 925 2129 neribuS,
952 2047 1006 2111 sed
1030 2048 1096 2131 spei
1119 2046 1264 2111 manibus
1288 2046 1392 2110 adtra-

251 2148 380 2213 hentem
404 2152 434 2213 et
456 2150 628 2215 dilectionis
655 2151 790 2215 brachiis
818 2152 1018 2233 inuitantem,
1047 2153 1128 2216 sicut
1154 2152 1198 2215 ait
1226 2150 1392 2235 propheta:

252 2252 396 2316 adtraxi
429 2271 489 2317 eos
518 2254 555 2318 in
585 2255 749 2319 uinculis
780 2257 969 2336 caritatis,
1005 2259 1036 2319 et
1057 2256 1149 2320 illud:
1181 2258 1266 2338 post
1293 2259 1329 2319 te
1357 2256 1393 2320 in

251 2356 399 2421 odorem
426 2362 701 2441 unguentorum
728 2363 876 2423 tuorum
908 2377 1107 2423 curremus.
1147 2365 1177 2423 et
1203 2359 1271 2423 ideo
1304 2359 1392 2424 dicit:

251 2462 378 2525 uenite
401 2462 444 2526 ad
464 2481 519 2526 me
543 2481 684 2543 umnec,
707 2462 768 2544 qui
789 2464 972 2528 laboratis
996 2467 1033 2527 et
1055 2463 1199 2528 onerati
1223 2462 1332 2544 estis,
1358 2467 1394 2527 et

200 2592 226 2630 ιο
253 2584 318 2649 ego
341 2566 509 2630 reficiam
533 2584 612 2646 uos,
641 2586 681 2631 ne
703 2568 786 2631 ullus
811 2585 956 2631 excusare
980 2588 1013 2631 se
1036 2566 1135 2649 possit
1158 2567 1316 2648 exclusus,
1340 2568 1395 2648 qui

252 2670 448 2734 conuincitur
467 2670 628 2735 inuitatus
666 2672 740 2735 licet
763 2673 845 2735 enim
870 2690 932 2735 non
954 2689 1063 2735 omnes
1087 2670 1316 2736 oboedientiam
1342 2690 1395 2735 er·

251 2772 402 2837 bibituros
430 2793 498 2838 esse
525 2779 756 2857 praenosceret,
785 2774 930 2840 omnihus
958 2780 1065 2839 tamen
1089 2778 1119 2838 et
1141 2775 1222 2838 uelle
1246 2778 1277 2838 et
1299 2792 1394 2857 posse

252 2877 431 2941 donauerat.
476 2878 534 2941 hoc
557 2879 624 2943 loco
647 2880 810 2944 sollicitius
833 2880 1022 2961 requiratur,
1051 2884 1156 2943 utrum
1183 2878 1314 2961 quisque
1339 2878 1395 2941 ad-

252 2982 333 3045 trahi
356 2982 433 3045 uelit
456 3000 495 3045 an
519 2983 605 3047 nolit.
651 2983 678 3046 si
706 3002 768 3047 non
796 2984 879 3064 uult,
911 2983 1052 3047 absolute
1079 2983 1275 3047 adtrahentis
1303 2981 1396 3047 beni-

199 3086 423 3149 audientiam
453 3104 514 3151 non
547 3089 692 3150 meretur.
739 3088 766 3151 si
794 3092 898 3151 autem
926 3088 1010 3167 uult,
1048 3106 1117 3151 ecee
1144 3088 1206 3151 iarn
1235 3104 1308 3149 cum
1335 3086 1395 3151 deo

252 3192 284 3252 et
314 3189 448 3254 hominis
479 3208 649 3255 consensus
677 3196 868 3273 cooperatur.
914 3210 1034 3271 nemo,
1064 3191 1181 3273 inquit,
1214 3190 1319 3254 uenit
1350 3191 1395 3254 ad

252 3313 322 3373 me,
356 3294 428 3357 nisi
458 3298 565 3377 pater
595 3296 802 3360 adtraxerit
837 3316 927 3360 eum.
988 3296 1141 3378 quomodo
1172 3296 1397 3359 adtrahentem

253 3397 354 3477 uides,
382 3416 437 3461 cur
460 3399 638 3464 dissimulas
666 3400 771 3464 uidere
795 3402 993 3464 uenientem?
1023 3403 1054 3464 et
1076 3401 1145 3464 ideo
1169 3400 1249 3464 sicut
1272 3400 1396 3482 gratiae

253 3502 409 3582 estquod
436 3503 624 3585 adtrahitur,
651 3504 696 3568 ita
723 3504 937 3569 oboedientiae
965 3504 1115 3586 probatur
1138 3522 1206 3568 esse
1233 3504 1316 3585 quod
1345 3524 1398 3569 se·

199 3630 226 3668 oo
253 3605 366 3686 quitur.
411 3606 488 3671 haec
510 3609 702 3672 adtrahentis
726 3608 775 3672 dei
799 3608 1010 3672 misericordia
1032 3608 1059 3672 si
1082 3608 1184 3693 dignis
1208 3607 1310 3687 datur,
1339 3609 1398 3673 ad-

253 3711 360 3790 uertiS,
384 3711 455 3792 quia
477 3712 540 3775 iam
563 3716 594 3775 et
614 3713 717 3776 studio
737 3712 894 3777 humanae
915 3717 1083 3795 utcumque
1103 3712 1261 3777 seruitutis
1281 3714 1398 3796 inpen-

356 3906 384 3976 5]
402 3908 483 3963 Marc.
496 3912 521 3973 9,
534 3912 575 3965 23.
640 3910 854 3978 17]0se.11,l.
914 3910 1065 3976 cantra
1121 3910 1166 3981 19]
1184 3910 1280 3965 Marto
1295 3914 1338 3975 11,
1352 3914 1396 3971 28.

296 4090 440 4145 9dertera
459 4092 488 4145 P
573 4090 745 4159 depraecetur
762 4094 790 4147 P
878 4096 909 4149 15
928 4095 984 4163 spei
1002 4112 1088 4151 cmv
1176 4096 1208 4150 18
1227 4092 1399 4153 currimusv

252 4179 286 4233 23
308 4177 459 4232 solllciteo
529 4178 656 4246 quisquae
678 4180 706 4233 P
773 4182 809 4235 24
831 4180 905 4248 uellit
929 4182 956 4235 P
1024 4180 1103 4235 nollit
1126 4180 1153 4235 P
1220 4180 1363 4236 assolitam
1381 4202 1400 4241 v

252 4266 285 4320 25
305 4264 364 4333 deo]
385 4264 422 4317 do
440 4265 472 4331 P,
491 4263 571 4320 deso
639 4268 674 4320 26
697 4270 853 4335 cooperatur
875 4268 981 4336 setosi,
1003 4268 1159 4336 lflloperatur
1176 4267 1210 4334 P,
1233 4271 1400 4337 operaturo

252 4355 286 4407 28
305 4368 373 4419 quur
391 4352 418 4404 P
469 4354 500 4407 31
522 4356 681 4419 utcumquae
700 4356 727 4407 P
779 4354 943 4423 impenditur
960 4355 987 4407 P
