3100 4892
630 403 667 456 11.
686 405 730 458 Da
749 403 870 471 spiritu
888 407 1001 457 sancto

782 703 855 766 XII.

386 865 440 904 DEI
462 863 621 905 PROPRIUH
644 865 729 922 ESSE,
754 865 795 905 U'l'
819 864 1022 905 sancum'lcur
1046 865 1247 907 caudunum.

291 1000 341 1062 Ad
366 998 540 1062 Corinthios
563 998 679 1079 prima:
711 1002 747 1062 et
776 999 867 1062 haec
890 999 1039 1081 quidem
1062 999 1213 1080 fuistiS,
1244 999 1307 1064 sed
1331 999 1392 1064 ab·

249 1104 318 1167 luti
349 1103 456 1184 estis,
487 1103 550 1166 sed
581 1103 819 1168 sanctificati
842 1104 951 1184 estis,
982 1102 1045 1167 sed
1068 1103 1273 1168 iustificati
1297 1105 1390 1168 estis

208 1237 221 1276 ⁵
248 1209 286 1271 in
316 1208 465 1272 nomine
496 1208 636 1272 domini
666 1209 787 1273 nostri
814 1208 900 1273 Iesu
927 1208 1069 1274 Christi
1101 1212 1137 1273 et
1166 1209 1304 1292 spiritu
1335 1209 1392 1273 dei

248 1313 380 1378 nostri.
419 1331 488 1377 ecoe
513 1318 545 1377 et
565 1313 615 1378 hic
638 1313 695 1377 sub
720 1314 770 1378 dei
792 1315 909 1395 nostri„
927 1314 959 1377 id
982 1317 1030 1378 est
1053 1313 1110 1377 snb
1133 1313 1231 1396 patris
1254 1332 1393 1378 comme-

248 1419 421 1483 moratione
444 1418 571 1500 spiritus
595 1421 722 1482 sanctus
747 1417 980 1483 Corinthiorum
1003 1416 1110 1482 fideles
1135 1417 1259 1482 Christo
1281 1436 1393 1502 coope-

248 1525 338 1586 rante
372 1521 557 1586 sanctificat.
612 1522 806 1587 sanctificare
840 1523 927 1588 nulla
960 1527 1103 1588 creatura
1135 1523 1261 1605 penitus
1296 1523 1391 1588 aliam

247 1630 364 1710 potest,
397 1627 523 1711 largitio
554 1625 808 1692 sanctificationis
840 1629 935 1693 solius
966 1631 1014 1692 est
1034 1627 1260 1693 munificentia
1293 1629 1393 1692 maie·

197 1757 222 1796 ro
249 1733 349 1797 statis.
382 1749 442 1813 quo
465 1732 532 1796 loco
554 1733 587 1796 in
609 1732 736 1796 nomine
751 1732 825 1797 Iesu
841 1733 956 1798 Christi
979 1735 1064 1798 etin
1088 1733 1197 1816 spiritu
1221 1734 1271 1798 dei
1292 1735 1394 1800 nostri

250 1839 317 1900 tres
347 1853 482 1920 agnosce
511 1853 670 1918 personas
721 1837 761 1902 ad
789 1836 966 1903 Corinthios
997 1838 1146 1902 secunda:
1177 1838 1301 1922 gratia
1332 1839 1393 1903 do·

247 1941 339 2004 mini
369 1941 488 2004 nostri
514 1940 602 2004 Iesu
630 1940 773 2007 Christi
804 1946 840 2006 et
869 1942 1009 2007 caritas
1037 1943 1095 2007 dei
1125 1946 1161 2007 et
1190 1944 1392 2008 communi·

247 2045 344 2109 catio
368 2045 527 2127 spiritus
550 2046 674 2110 sancti
696 2064 777 2111 cum
798 2046 969 2111 omnibns
993 2047 1113 2128 nobie,
1140 2047 1243 2131 gratia
1263 2047 1390 2130 Christi,

248 2150 361 2214 caritas
385 2149 443 2230 dei,
467 2151 709 2215 communicatio
725 2151 853 2234 spiritus
870 2153 969 2216 sancti
986 2157 1048 2216 tres
1064 2169 1214 2234 personas
1230 2151 1392 2218 euidenter

197 2281 220 2320 ιε
248 2255 409 2338 expressit.
444 2255 521 2319 item
537 2255 576 2318 ad
592 2254 769 2320 Corinthios
786 2255 935 2320 secunda:
960 2257 1021 2338 qui
1042 2259 1165 2320 autern
1188 2256 1392 2321 confirmat

246 2378 312 2424 nos
339 2359 534 2424 nobiscum
562 2359 598 2423 in
622 2358 770 2424 Christo
794 2363 830 2424 et
853 2361 915 2442 qui
938 2361 1044 2425 unxit
1066 2379 1130 2425 nos
1155 2360 1243 2424 deus
1268 2365 1304 2426 ot
1326 2362 1391 2443 qui

247 2465 417 2548 signauit
454 2481 522 2528 nos
561 2470 596 2528 ct
633 2464 736 2529 dedit
772 2465 907 2548 pignus
946 2465 1104 2547 spiritus
1139 2466 1176 2529 in
1211 2465 1390 2530 cordibus

230 2554 395 2632 nostris.
431 2569 501 2632 uide
521 2568 553 2632 in
574 2567 719 2650 operibus
743 2569 898 2634 unitatem
920 2569 1099 2634 indiuiduas
1122 2571 1279 2635 trinitatis.
1316 2589 1391 2635 oon-

247 2674 352 2738 firmat
375 2675 406 2736 et
429 2672 534 2756 signat
557 2690 612 2736 nos
643 2677 732 2756 pater
758 2692 814 2755 per
838 2671 997 2737 Christum
1021 2677 1053 2738 et
1076 2674 1204 2738 daturus
1228 2676 1391 2757 seipsum

194 2803 220 2842 ro
247 2777 300 2840 dat
322 2777 387 2840 iam
409 2775 442 2840 in
465 2777 622 2857 praesenti
644 2797 700 2860 per
723 2795 756 2840 se
780 2777 893 2860 pignus
917 2778 1062 2860 spiritum
1085 2781 1239 2842 sanctum.
1273 2779 1307 2842 in
1328 2782 1391 2844 ter-

247 2883 331 2946 renis
355 2881 488 2965 negotiis
512 2881 621 2945 arrhae
644 2881 803 2962 quantitas
827 2884 1003 2945 contractus
1027 2881 1121 2963 illius,
1144 2900 1199 2965 pro
1215 2901 1276 2964 qno
1292 2883 1392 2949 inter-

247 2985 390 3065 cesserit,
425 2985 579 3067 quaedam
616 2986 717 3067 portio
752 2990 814 3066 est,
849 2986 988 3069 pignoris
1020 3005 1094 3051 uero
1129 2987 1206 3050 ratio
1239 2989 1391 3053 meritum

247 3091 302 3170 rei,
326 3107 381 3173 pro
404 3108 465 3171 qua
488 3089 599 3172 deponi
621 3090 755 3170 uidetur,
780 3091 906 3154 excedit.
945 3091 996 3155 hio
1010 3109 1084 3155 nero
1101 3091 1257 3156 maiestati
1273 3093 1390 3176 pignus

247 3213 350 3274 suum,
380 3194 454 3276 quia
475 3193 577 3258 nescit
599 3194 759 3276 praeferri,
787 3213 915 3259 necesse
939 3199 988 3260 est
1010 3197 1184 3278 exaequari.
1230 3202 1392 3279 nequeunt

195 3321 221 3362 aa
247 3299 331 3363 enim
360 3298 499 3382 perfecta
528 3299 720 3380 transcendi,
754 3318 811 3383 pro
842 3318 875 3364 sc
906 3319 978 3383 ergo
1008 3304 1097 3382 pater
1127 3301 1254 3383 spiritus
1287 3305 1390 3368 sancti

246 3405 360 3488 pignus
383 3404 533 3488 indulget.

352 3611 380 3681 a]
400 3611 486 3668 icor.
500 3614 525 3678 o,
539 3614 578 3666 11.
635 3611 679 3681 11]
698 3612 787 3667 acor.
804 3614 898 3677 13,13.
955 3612 999 3680 15]
1017 3613 1105 3668 anor.
1121 3615 1144 3677 1,
1158 3615 1198 3668 21.

289 3815 306 3867 3
324 3811 473 3865 corintheos
491 3813 521 3881 V,
540 3811 666 3865 corithios
685 3813 713 3866 P
775 3811 873 3882 prima]
893 3812 1005 3881 epistola
1023 3814 1088 3868 odd.
1108 3831 1123 3869 o
1187 3816 1204 3868 1
1223 3813 1268 3866 scd
1289 3815 1390 3868 sancti·

246 3923 318 3977 ficati
337 3924 400 3977 estis
418 3942 498 3980 ormo
550 3925 621 3992 seo]
641 3924 670 3977 in
681 3925 775 3980 addc
828 3892 1071 3980 ioorithiorumP
1121 3926 1351 3995 Saliampenitus
1365 3929 1393 3983 P

246 4011 464 4066 hmunihcentia
482 4010 563 4064 solius
581 4015 622 4064 est
640 4012 668 4065 P
719 4015 750 4067 11
771 4012 961 4068 coririthaosV
1014 4015 1045 4068 12
1057 4013 1157 4068 karitas
1170 4015 1198 4068 P
1250 4015 1284 4069 13
1302 4015 1390 4069 sancti

247 4098 389 4167 spirituas>
441 4098 537 4167 sancti]
557 4098 593 4151 sit
610 4115 714 4167 semper
732 4099 831 4156 addc
890 4103 921 4155 14
940 4099 1039 4153 karitas
1058 4101 1085 4154 P
1140 4101 1226 4154 sancti
1243 4101 1392 4169 spiritusv

248 4189 279 4241 15
297 4185 491 4241 corintheosV
549 4185 701 4242 secundos
764 4190 795 4241 17
814 4187 1017 4255 consignauito
1078 4187 1165 4256 dedit]
1185 4186 1260 4242 nobis
1278 4189 1344 4244 ada.
1364 4190 1392 4244 P

248 4275 279 4327 18
297 4271 370 4341 uida]
389 4271 501 4326 undeP
554 4275 585 4328 19
603 4273 691 4341 pater]
709 4273 843 4342 propriso
895 4276 929 4328 20
947 4289 993 4342 por
1012 4291 1039 4326 se
1058 4293 1138 4330 om.o
1190 4275 1222 4328 21
1243 4291 1317 4328 arras
1335 4276 1393 4331 PV

246 4360 398 4425 quantasP
449 4361 483 4415 22
500 4362 542 4412 ost
558 4377 666 4414 erasum
683 4360 756 4414 inP
806 4361 841 4415 23
858 4361 956 4429 penio
