3100 4892
623 371 688 425 IIII.
708 370 818 424 Sermo
836 375 862 427 6.
1249 371 1313 436 245

173 549 275 628 fuerit,
303 547 477 629 disrumpet
500 550 541 611 te.
587 548 636 612 dio
660 565 734 612 sane
758 548 869 628 amieo,
897 549 950 628 qui
973 548 1043 612 uult
1069 551 1101 610 te
1128 547 1312 612 100010101-

174 653 289 716 mioum
312 651 406 716 amici
429 651 485 732 tui,
513 652 670 734 alloquere
695 655 727 716 et
749 656 912 733 tamquam
934 655 1151 736 aegrotantem
1174 652 1313 717 animam

174 757 342 821 medicinae
361 757 492 821 lenitate
511 761 677 839 pertracta.
716 757 765 821 dio
788 758 846 822 dli:
871 775 966 839 qnare
990 757 1049 837 nis,
1071 761 1107 821 ut
1129 757 1190 821 sim
1210 757 1314 821 inimi·

172 879 225 925 ons
248 861 354 926 iliius?
391 859 603 944 respondebit:
628 862 701 943 quie
724 861 870 926 inimieus
893 877 983 926 mous
999 863 1057 925 est.
1097 861 1146 924 uis
1170 879 1254 944 ergo,
1278 865 1314 926 ut

171 966 229 1030 sim
257 965 402 1030 inimicus
429 965 512 1030 illius
539 965 657 1030 inimici
684 965 752 1029 tui?
796 953 943 1030 inimious
971 984 1041 1029 esse
1068 964 1166 1030 debeo
1193 967 1312 1049 peooati
1351 992 1364 1030 s

171 1071 226 1134 tui.
272 1071 342 1150 iste,
373 1070 423 1133 eui
454 1088 503 1134 me
530 1070 578 1134 uis
608 1069 709 1134 faeere
740 1070 913 1150 inimicum,
935 1069 1125 1150 homo-est,
1157 1070 1237 1133 alius
1265 1074 1314 1134 est

171 1176 315 1240 inimicus
343 1179 427 1256 tuus,
455 1175 505 1238 eui
528 1174 625 1240 debeo
654 1193 721 1238 esse
749 1175 905 1255 inimicus,
932 1174 960 1237 si
982 1175 1102 1239 amiens
1129 1178 1202 1238 tuus
1230 1193 1311 1238 snm.

170 1279 389 1363 respondebit:
424 1280 493 1361 quis
528 1283 576 1342 est
609 1279 689 1343 alius
723 1279 870 1344 inimious
901 1281 1016 1342 meus?
1067 1279 1182 1342 uitium
1213 1283 1312 1343 tuum.

170 1383 383 1468 respondebit:
413 1384 485 1465 quid
511 1387 558 1448 est
580 1383 692 1448 uitium
720 1386 848 1448 meum?
892 1383 1009 1463 odium,
1033 1400 1093 1465 qno
1121 1383 1212 1447 odisti
1237 1383 1313 1447 ami·

170 1507 241 1554 oum
264 1493 365 1553 tunm.
1340 1515 1365 1554 ιο

213 1594 290 1658 Esto
318 1612 391 1676 ergo
420 1593 531 1657 similis
554 1593 684 1657 medico.
731 1593 869 1656 medicus
892 1610 955 1657 non
978 1596 1064 1656 amat
1085 1595 1311 1676 aegrotantem,

171 1700 196 1762 si
227 1716 289 1762 non
321 1698 385 1761 odit
416 1697 652 1781 aegritudinem.
698 1700 734 1760 ut
762 1694 877 1761 liberet
908 1700 1086 1780 aegrotum,
1116 1697 1313 1780 persequitur

169 1803 299 1867 febrem.
346 1801 440 1866 nolite
472 1819 577 1866 amere
607 1801 685 1866 uitia
715 1801 888 1865 ennoorum
917 1804 1109 1881 uestrorum,
1141 1801 1168 1864 si
1198 1802 1313 1865 ametis

169 1907 286 1971 amieos
310 1909 442 1970 uestros.
481 1906 536 1970 sed
559 1907 609 1970 eni
633 1906 712 1986 dieo,
735 1910 838 1989 putee,
861 1925 900 1969 ne
923 1905 1003 1970 faoio
1026 1923 1084 1989 ego
1106 1906 1195 1988 ipse?
1230 1905 1312 1987 qnod

168 2011 246 2090 dieo,
270 2010 381 2074 iratres
406 2011 478 2090 mei,
502 2010 591 2091 faeie,
615 2011 642 2074 si
665 2011 697 2074 in
720 2029 770 2074 me
795 2010 884 2074 faoio.
930 2010 1052 2093 primus
1076 2013 1181 2073 antem
1204 2010 1237 2072 in
1259 2028 1310 2073 me
1339 2035 1364 2076 1⁵

168 2115 257 2194 senio,
282 2116 308 2179 si
325 2133 343 2178 0
359 2114 484 2178 domino
508 2115 625 2197 eooipio
640 2115 709 2179 odio
733 2115 811 2178 uitia
832 2133 914 2194 mea,
938 2131 989 2178 eor
1005 2132 1112 2178 meum
1135 2113 1174 2177 ad
1199 2131 1313 2177 sanan-

168 2220 243 2284 dum
261 2219 357 2284 offero
381 2219 510 2300 medioo,
533 2236 702 2302 persequor
725 2221 865 2302 peecata,
881 2221 1033 2300 quantum
1056 2235 1196 2301 possum,
1219 2235 1311 2301 gemo

168 2325 206 2388 de
229 2324 302 2404 illis,
334 2322 492 2404 confiteor,
520 2323 594 2405 quie
616 2324 745 2387 suntin
776 2341 837 2403 me,
865 2326 897 2386 et
926 2341 984 2406 ego
1011 2340 1124 2386 oeenso
1152 2341 1211 2385 me.
1250 2321 1312 2403 oui

168 2447 219 2492 me
247 2427 508 2511 reprehendebas,
539 2427 658 2511 corrige
689 2431 729 2491 te.
774 2427 852 2491 haee
882 2430 930 2491 est
959 2427 1089 2507 iustitie,
1120 2445 1159 2490 ne
1191 2425 1312 2490 dicatur

166 2533 272 2596 nobis:
298 2532 475 2614 stipulam
496 2531 534 2596 in
557 2533 662 2597 ooulo
685 2532 817 2596 fratris
841 2532 895 2595 tui
919 2534 957 2596 tu
981 2531 1085 2595 uides
1107 2535 1143 2594 et
1164 2529 1364 2597 trabem-ro

166 2639 203 2700 in
231 2638 339 2701 ooulo
367 2639 429 2700 tuo
458 2654 528 2700 nun
555 2637 672 2701 uides,
716 2636 923 2719 hypocrita,
952 2636 1028 2699 eine
1056 2634 1214 2718 primum
1237 2637 1310 2699 tra·

167 2741 248 2805 bem
280 2741 321 2804 de
353 2741 459 2804 oeulo
491 2744 562 2804 tuo.
609 2741 654 2805 ira
676 2739 789 2804 fistnoe
812 2743 869 2825 est,
897 2740 1003 2803 odium
1026 2739 1142 2819 trebes
1173 2739 1228 2803 sed
1251 2756 1310 2803 nn-

166 2845 248 2910 tristi
276 2845 420 2909 iistnoem
449 2848 480 2908 et
506 2845 543 2909 fit
565 2843 679 2909 trebes.
725 2845 772 2908 ire
794 2845 971 2909 inueterata
991 2843 1028 2907 fit
1050 2844 1171 2927 odium,
1198 2843 1310 2908 fistuca

165 2951 285 3014 nutrita
305 2949 340 3014 iit
362 2949 477 3014 trebes.
516 2953 551 3013 ut
571 2968 644 3033 ergo
660 2949 772 3014 fistuca
795 2967 857 3014 non
874 2949 930 3013 fiat
945 2948 1062 3030 nobee,
1077 2967 1148 3013 non
1164 2949 1309 3013 ooeidat

166 3055 219 3118 sol
236 3054 592 3138 superiraeundiem
613 3058 786 3118 uestram.
832 3054 920 3118 uides
944 3054 1103 3136 sertisque
1126 3053 1195 3117 odio
1217 3057 1248 3117 te
1271 3054 1308 3117 li-
1335 3081 1361 3120 rs

165 3162 293 3222 uentum
321 3163 353 3222 et
379 3158 579 3241 reprehendis
602 3158 812 3222 irascentem?
850 3159 924 3222 tolie
948 3178 964 3222 e
987 3161 1018 3222 te
1042 3158 1148 3222 odium
1171 3161 1203 3221 et
1224 3162 1308 3222 reete

163 3262 364 3346 reprehendis
387 3263 476 3327 irum.
518 3262 631 3326 fistuca
653 3264 754 3327 estin
780 3262 868 3327 ooulo
891 3280 958 3342 suo,
987 3263 1019 3325 in
1043 3265 1098 3326 tuo
1120 3261 1225 3326 trabes
1250 3266 1306 3326 est.

268 3523 314 3592 20]
333 3523 429 3577 Maon.
445 3525 469 3588 7,
482 3524 511 3586 3;
529 3521 593 3576 Lue.
607 3525 631 3588 6,
644 3525 686 3578 41.
741 3522 787 3592 24]
806 3521 873 3591 Eph.
886 3523 912 3586 4,
923 3523 966 3576 26.

206 3774 359 3843 ldisrhpit
378 3776 407 3829 D
468 3779 670 3843 2egrotentem
689 3777 718 3830 D
783 3773 944 3829 3medioini
962 3775 999 3840 D,
1018 3791 1055 3828 aa
1073 3773 1170 3828 medici
1187 3775 1304 3829 scr-iben-

161 3891 248 3946 dron?
302 3891 319 3942 1
338 3887 409 3940 illins
428 3889 543 3943 deletum
562 3891 593 3943 in
612 3889 640 3942 D
702 3887 859 3942 tinimioos
877 3888 907 3941 D
959 3887 1039 3955 8qui
1058 3888 1088 3941 D
1140 3886 1258 3942 9hodiri
1276 3887 1306 3940 D

162 3980 190 4032 ll
211 3977 381 4044 egrotantem
401 3975 429 4029 D
496 3978 527 4030 12
546 3974 737 4043 egredudinem
757 3977 787 4029 D
839 3973 932 4042 ogrotri
951 3975 980 4028 D
1043 3976 1076 4029 14
1094 3973 1149 4042 oni]
1168 3974 1212 4042 qui
1231 3975 1303 4042 Aop.

162 4066 193 4119 16
211 4060 360 4131 aecipiodio
379 4063 408 4116 D
463 4064 494 4117 17
513 4078 605 4130 gemeo
624 4062 652 4115 D
707 4063 738 4117 18
758 4077 850 4114 aoueso
868 4062 898 4116 D
952 4064 984 4118 19
1003 4061 1151 4129 eorregeD
1202 4060 1303 4128 2111]-
1361 4127 1363 4132 .

161 4150 282 4218 poehritn
300 4149 330 4203 D
383 4148 453 4220 eieee
472 4151 501 4204 D
554 4151 587 4204 22
606 4147 689 4201 trabis
703 4149 841 4218 Doto'pne
894 4148 1065 4218 nutriodop.
1119 4146 1203 4201 trabis
1221 4146 1302 4200 sed-

162 4237 191 4291 tt
208 4237 302 4292 odium
321 4237 351 4291 D
368 4239 410 4292 bis
463 4239 496 4292 24
515 4237 548 4289 nt
565 4237 594 4290 D
646 4237 680 4290 25
699 4235 827 4289 liuentem
846 4237 928 4306 Aug„
945 4235 1047 4289 libente
1064 4236 1093 4289 D
1153 4236 1187 4288 26
1205 4232 1301 4288 tollee

161 4329 186 4378 te
203 4326 313 4396 scripsi,
331 4323 418 4378 toilite
437 4325 466 4379 D
536 4327 606 4378 reete
625 4325 706 4396 App,
726 4339 773 4377 nee
791 4325 819 4378 te
837 4323 867 4379 D
942 4323 975 4378 27
995 4321 1047 4376 duo
1065 4323 1095 4377 D
