3100 4892
200 405 224 458 X
650 403 889 471 Prclcgomeua.

200 581 260 645 sibi
281 581 404 664 parauit
425 579 625 644 concionibus
649 580 700 643 uel
718 577 999 660 praedicationibus
1019 576 1182 657 habendis,
1204 594 1336 658 quarum

199 685 369 750 identidem
384 685 575 778 mentionem
591 683 666 748 facit
682 682 825 748 Sidonius
841 682 946 746 dicens
962 700 1035 746 eum
1050 681 1197 746 Larinum
1212 680 1336 764 saepius

200 791 324 854 uenisse
340 807 412 854 cum
436 789 475 853 ad
497 789 580 853 11111
603 787 757 852 solitariae
781 786 884 852 officia
905 786 1108 851 instauranda
1122 789 1192 850 tum
1215 785 1254 849 ad
1275 784 1338 848 fra·

200 893 300 958 1111111
323 893 545 958 lerinensibus
567 893 810 976 praedicandum
833 890 943 975 (carm.
959 890 1035 954 XVI
1059 888 1122 953 104
1137 889 1230 974 squ),
1253 889 1337 953 Reiis

200 998 384 1082 saepissime
412 997 626 1062 contionatum
653 1015 721 1060 esse
749 993 837 1078 (ibid.
856 993 918 1058 124
933 994 1016 1078 sqq.)
1043 993 1195 1076 festisque
1221 992 1338 1057 hebdo

183 1102 375 1166 ‘madalibus
391 1101 536 1186 Lugduni
556 1101 588 1166 in
612 1101 742 1164 ecelesia
765 1117 785 1164 a
806 1099 949 1164 Patiente
966 1098 1169 1182 lugdunensi
1192 1098 1337 1179 episcopo

201 1205 362 1270 aedificata
393 1209 424 1270 et
455 1206 596 1269 dedicata
624 1205 819 1287 perorauisse
849 1205 1040 1287 collegarum
1069 1204 1338 1268 sacrosanctorum

200 1315 311 1394 rogatu
335 1314 495 1374 exoratum
514 1308 557 1392 (p.
574 1307 626 1388 33,
645 1305 685 1372 15
709 1313 740 1373 et
766 1305 873 1389 abac
897 1307 956 1391 L).

244 1415 309 1479 Nec
335 1433 408 1479 uero
437 1413 578 1480 Sidonius
606 1414 691 1478 solus
719 1412 873 1477 Faustum
900 1413 997 1477 tantis
1024 1410 1170 1476 laudibus
1201 1409 1246 1494 (in
1273 1410 1338 1493 epi-

202 1520 291 1584 stulis
311 1519 406 1583 VIIII
426 1517 446 1581 3
467 1522 498 1582 et
518 1515 537 1580 9
559 1521 590 1582 11
610 1519 747 1582 carmine
767 1517 856 1600 XVI)
877 1517 1006 1597 extollit,
1030 1516 1086 1581 sed
1101 1513 1243 1580 Ruricius
1262 1524 1339 1596 q'uo·

202 1643 261 1706 que
282 1623 444 1706 episcopus
460 1623 686 1687 Lemouicenus
707 1622 777 1705 plus
798 1622 895 1686 semel
914 1623 947 1685 in
966 1621 1075 1685 laudes
1095 1621 1226 1686 senioris
1247 1619 1339 1683 amici

91 1751 92 1754 ¹
201 1729 375 1812 prorumpit
398 1726 449 1811 (cs.
468 1727 616 1809 epistulas
639 1726 755 1790 Ruricii
777 1726 793 1789 I
817 1725 833 1787 1
856 1724 951 1810 112),
974 1743 1070 1808 quare
1092 1742 1155 1789 nou
1177 1724 1338 1803 miramur,

202 1832 284 1914 quod
306 1827 442 1896 Faustus
465 1849 529 1895 una
551 1849 623 1894 cum
643 1831 771 1895 Leontio
791 1829 979 1911 Arelatensi,
1000 1829 1118 1894 Graeco
1138 1828 1339 1906 Massiliensi,

203 1936 317 2000 Basilio
341 1933 531 2018 (Aquensil)
555 1953 574 1998 a
596 1935 715 2018 Nepote
738 1935 924 2018 imperatore
946 1936 1069 2018 legatus
1092 1937 1149 2014 est,
1173 1935 1209 1996 ut
1229 1950 1338 2016 paoem

203 2059 274 2106 oum
301 2039 411 2104 Eurico
439 2039 611 2105 Gothorum
638 2059 711 2123 rege
739 2057 821 2103 auno
847 2037 913 2102 474
939 2042 1148 2122 componeret,
1175 2037 1214 2102 cf.
1235 2036 1337 2102 Sidon.

202 2166 232 2228 p.
251 2141 323 2225 110,
341 2143 381 2206 14
397 2144 447 2208 111
466 2165 530 2228 per
550 2165 608 2206 111
628 2142 717 2206 malo
729 2141 907 2228 foederum
921 2151 1073 2220 currant,
1090 2163 1155 2226 per
1172 2139 1340 2226 1111119111

202 2249 376 2333 utriusque
394 2258 496 2333 pacta
518 2247 781 2332 condicionesque
798 2256 989 2332 portaretur.

247 2354 399 2418 Faustum
427 2372 534 2418 senem
563 2354 596 2417 in
624 2354 767 2417 exsilium
795 2353 929 2417 missum
957 2371 1026 2416 esse
1054 2350 1209 2433 exipsius
1232 2351 1339 2414 Fausti

205 2458 346 2541 epistulis
376 2459 585 2541 comperimus
614 2456 666 2541 (cf.
687 2477 716 2539 p.
738 2452 1211 2538 196,1.211,12.218,16)¹)
1238 2472 1339 2535 neque

204 2561 418 2644 improbabilis
440 2565 488 2626 est
508 2563 685 2627 coniectura
704 2561 843 2626 uiromm
862 2561 1024 2625 doctorum
1040 2560 1079 2624 ab
1095 2559 1206 2623 Eurico
1222 2557 1340 2623 Gotho

204 2685 274 2730 rum
289 2685 372 2750 rege,
389 2684 461 2730 cum
476 2667 502 2730 is
514 2665 641 2730 Arelate
658 2669 689 2730 11
700 2665 877 2730 Massiliam
893 2683 919 2729 a.
931 2663 995 2727 477
1008 2667 1191 2746 occupasset
1202 2661 1338 2746 (lordan.

205 2769 273 2834 Get.
289 2768 356 2851 47),
371 2770 538 2834 Reicnsem
554 2787 676 2852 quoque
692 2771 854 2834 ciuitatem
869 2769 1034 2833 subactam
1050 2787 1118 2833 esse
1134 2768 1339 2847 coraustum,

205 2874 259 2957 qui
285 2873 474 2939 Asianorum
500 2874 656 2938 haeresim
683 2874 961 2939 uehementissime
990 2875 1024 2938 in
1053 2873 1141 2937 libris
1171 2873 1209 2936 de
1238 2871 1341 2956 gratia

205 2979 297 3062 paulo
328 2983 401 3043 ante
430 2978 546 3060 publici
575 2979 650 3043 iuris
680 2978 771 3042 factis
798 2979 1025 3062 impugnasset,
1051 2977 1118 3060 regi
1140 2976 1258 3041 Ariano
1288 2994 1340 3040 su-

206 3088 349 3166 spectum
372 3083 477 3147 exsilio
499 3101 615 3166 poenas
639 3083 770 3148 dedisse.
810 3101 872 3148 non
895 3086 1000 3147 autom
1024 3082 1129 3162 uideo,
1157 3100 1212 3146 cur
1235 3099 1271 3145 111
1294 3079 1341 3145 Si-

206 3189 289 3252 donii
317 3188 354 3251 de
377 3187 486 3252 Fausti
514 3188 620 3253 exsilio
643 3187 766 3252 silentio
789 3191 861 3270 post
884 3185 1000 3252 Sidonii
1021 3189 1156 3250 mortem
1179 3203 1206 3248 a.
1223 3182 1287 3248 479
1309 3184 1341 3247 id

102 3309 103 3314 ¹
206 3293 333 3356 demum
356 3292 504 3356 accidisse
526 3282 598 3356 cum
613 3292 769 3357 Krusehio
789 3295 946 3374 putemus.
984 3294 1060 3373 quot
1082 3291 1167 3354 enim
1189 3289 1341 3374 epistulae

207 3399 331 3461 exstant
349 3414 369 3459 1
387 3395 511 3462 Sidonio
525 3400 596 3479 post
611 3415 728 3460 annum
744 3394 806 3458 477
823 3396 978 3476 scriptae?
1001 3395 1029 3459 si
1044 3395 1117 3477 quid
1132 3394 1231 3475 uideo,
1251 3395 1342 3476 quin·

207 3519 266 3582 que
287 3503 410 3564 tantum
431 3501 582 3583 epistulae
599 3501 786 3565 nouissimae
800 3499 873 3563 libri
887 3499 971 3580 noni,
990 3517 1069 3581 quae
1084 3503 1191 3564 tamen
1207 3498 1342 3581 produnt

207 3603 368 3670 Sidonium
384 3623 446 3670 non
463 3606 596 3688 amplius
612 3623 661 3669 res
677 3605 709 3668 in
725 3604 826 3688 patria
841 3607 945 3686 gestas
969 3606 1141 3684 curantem,
1164 3603 1220 3667 sed
1242 3621 1341 3686 nugas

208 3711 403 3774 tractantem.

253 3917 272 3986 ¹)
286 3916 409 3971 Alteram
422 3913 523 3968 Ruricii
539 3913 713 3984 epistularum
732 3911 765 3967 ad
778 3912 907 3967 Faustum
920 3912 1044 3966 datarum
1056 3913 1080 3981 (Ι
1092 3914 1119 3981 2)
1131 3912 1166 3966 ad
1178 3911 1342 3966 exsulantem

209 4004 335 4074 scriptam
360 4019 415 4056 1111
433 4001 581 4055 Krusehius
604 4001 737 4080 immerito
754 4003 851 4054 censet
871 4004 979 4069 propter
1000 3999 1082 4053 uerba
1099 3999 1135 4068 (p.
1148 4001 1207 4065 355,
1222 4001 1259 4070 1):
1284 4001 1343 4070 ipsc

208 4093 317 4147 uariam
334 4091 430 4158 tribue,
452 4091 510 4160 ipsc
526 4090 635 4144 aeciam
658 4080 806 4160 deprecme,
827 4095 866 4155 at,
889 4105 966 4158 11111
983 4089 1019 4140 in
1032 4088 1211 4156 percpriao
1227 4088 1343 4156 patria

209 4179 332 4249 appellus
354 4177 474 4240 libamem,
502 4178 538 4230 io
555 4177 700 4246 propriu
716 4165 808 4248 posuis
829 4175 921 4230 uidere
945 4176 1095 4241 liberatum,
1122 4190 1182 4227 cum
1208 4173 1291 4228 uerba
1311 4176 1343 4227 ia

208 4267 351 4336 pcrepriao
369 4265 465 4334 patric
488 4262 520 4316 de
544 4263 593 4316 hoc
617 4263 725 4326 mundo,
749 4262 830 4316 uerba
852 4264 883 4316 in
901 4263 1018 4330 proprio
1042 4261 1074 4314 de
1096 4261 1168 4314 eaelo
1190 4261 1233 4313 uel
1255 4260 1342 4329 patria

211 4352 316 4407 11111111
336 4351 520 4419 intellegamus
538 4367 641 4404 necesse
660 4350 701 4403 sit.
