3100 4892
604 419 700 473 Liber
718 420 730 472 1
751 423 860 476 10--11Ι
1241 418 1300 483 121

166 600 311 663 nomine
333 597 418 661 Iesu
440 595 580 661 Christi
598 595 798 678 Naronem,
822 615 929 679 quem
952 615 1015 661 uos
1039 597 1302 675 crucifixistiS,

166 722 271 785 quem
302 703 390 766 deus
420 702 625 767 suscitarit
655 719 673 766 a
702 703 873 784 mortain,
907 703 944 766 in
975 703 1043 766 hoc
1072 703 1144 766 iste
1176 702 1303 766 adstat

166 825 286 872 coram
314 806 422 871 uobis
453 825 575 871 sanus.
620 807 740 891 respice
771 811 803 871 et
828 808 879 872 hie
901 807 1131 872 distinctionem
1154 807 1302 871 trinitatis

166 930 352 994 expressam.
390 911 503 976 Petrus
519 912 552 977 in
568 931 602 976 se
616 911 796 994 praeferens
820 913 965 996 spiritum
988 915 1132 976 sanctum
1152 909 1252 975 filium
1268 911 1301 974 in

166 1035 257 1082 carne
291 1018 477 1081 morientem
511 1020 542 1080 et
571 1020 693 1100 patrem
719 1017 858 1099 loquitur
885 1018 1099 1082 suscitantem.
1136 1016 1303 1100 apostolico
1342 1043 1355 1082 e

165 1122 227 1186 illic
249 1121 450 1186 nihilominus
472 1122 604 1186 iteratur
626 1122 764 1186 oraculo:
796 1124 832 1186 et
858 1140 969 1200 nuno,
1001 1123 1111 1203 inquit,
1142 1121 1302 1202 domine,

164 1227 310 1310 respice
333 1227 370 1290 in
393 1226 511 1290 minas
534 1243 673 1307 eorum,
697 1230 742 1290 et:
766 1227 902 1310 repleti
925 1231 1011 1291 sunt
1026 1243 1152 1291 omnes
1169 1226 1303 1308 spiritu

165 1335 295 1396 sancto
326 1335 363 1395 et
391 1330 643 1413 loquebantur
672 1331 828 1396 uerbum
855 1330 913 1396 dei
945 1351 1025 1396 curn
1051 1331 1203 1395 fiducia.
1250 1331 1304 1395 ad-

165 1439 252 1501 uerte
283 1437 379 1501 etiam
408 1437 468 1500 hoc
495 1437 563 1501 loeo
585 1437 619 1500 in
640 1437 780 1501 trinitate
804 1437 949 1520 spiritum
973 1440 1118 1501 sanctum
1141 1436 1301 1500 contineri.

163 1542 195 1604 in
225 1540 364 1605 oratione
393 1544 482 1624 pater
510 1544 649 1625 rogatur,
679 1543 710 1605 in
740 1542 791 1607 dei
821 1540 916 1606 uerbo
947 1541 1028 1606 filius
1052 1541 1241 1624 agnoscitur,
1271 1541 1304 1605 in
1332 1567 1356 1606 ιο

166 1645 377 1729 apostolorum
406 1647 582 1710 constumtia
611 1647 712 1710 sancti
734 1646 863 1728 spiritus
887 1646 969 1730 ignis
993 1649 1147 1730 operatur.
1192 1645 1304 1728 repleti

165 1753 239 1814 sunt
268 1767 378 1814 omnes
408 1750 518 1834 spiritu
549 1753 666 1814 sancto.
712 1750 898 1816 manifestae
929 1753 978 1814 est
1007 1751 1181 1814 maiestatis
1212 1767 1304 1833 posse

164 1854 301 1938 plurima
330 1854 423 1918 simul
453 1853 628 1919 subtilitate
659 1854 857 1938 incorporeae
889 1855 1062 1920 diuinitatis
1087 1854 1251 1920 infundere
1275 1858 1305 1918 et

165 1960 230 2023 sine
260 1959 446 2023 detrimento
476 1959 600 2043 integra
628 1979 822 2042 permanere.
856 1961 933 2025 item
956 1979 1028 2025 cum
1059 1960 1208 2024 dixissent
1231 1977 1305 2042 apo-

165 2064 237 2128 stoli
261 2063 299 2127 de
321 2063 408 2128 Iesu:
439 2063 537 2128 huno
560 2064 648 2128 deus
669 2066 876 2149 principem
896 2068 936 2129 'et
959 2065 1185 2129 saluatorem
1208 2064 1304 2127 exal·
1333 2089 1356 2132 rs

164 2169 261 2232 teuit
293 2169 447 2233 dextera
476 2187 542 2234 sua
571 2169 614 2233 ad
643 2169 800 2234 dandam
830 2170 1103 2254 paenitentiam
1125 2169 1162 2234 in
1184 2168 1304 2232 Israel

163 2274 200 2338 in
221 2273 482 2339 remissionem
504 2277 755 2358 peccatorum.
795 2293 876 2356 noe,
899 2276 1011 2356 inquit,
1035 2293 1162 2339 sumus
1185 2276 1303 2338 testes

163 2379 293 2442 horum
323 2381 360 2443 et
382 2380 540 2462 spiritus
564 2384 734 2462 sanctus,
765 2399 871 2462 quem
894 2380 995 2445 dedit
1018 2381 1106 2444 deus
1130 2378 1303 2443 omnibus

163 2482 451 2548 oboedientibus
482 2484 565 2548 sibi.
610 2484 756 2568 intellege
785 2483 835 2548 hic
859 2484 916 2548 sub
941 2485 1046 2548 ordine
1069 2483 1217 2548 trinitatis
1241 2501 1304 2547 non

164 2589 265 2652 solum
290 2588 329 2651 ad
351 2588 600 2670 praedicandam,
629 2589 684 2652 sed
706 2590 746 2653 ad
768 2589 904 2653 dandam
927 2589 1151 2672 paenitentiam
1175 2590 1303 2671 epatre
1331 2612 1357 2651 eo

162 2691 262 2756 filium
286 2692 437 2757 destinari
452 2697 484 2757 et
503 2693 791 2778 obtemperantibus
812 2693 956 2776 spiritum
973 2697 1128 2774 sanctum,
1145 2693 1196 2775 qui
1211 2692 1305 2758 oboe-

162 2797 314 2860 dientiam
335 2801 561 2878 remuneretur,
584 2797 715 2862 infundi.

205 2900 384 2983 Stephanus
415 2903 525 2984 spiritu
555 2906 662 2967 sancto
695 2903 752 2967 sub
784 2907 944 2968 momento
973 2904 1127 2987 passionis
1157 2903 1304 2985 impletur

163 3007 252 3088 eique
279 3007 426 3070 reseratis
448 3007 586 3072 iustitiae
608 3009 707 3091 portis
730 3026 750 3072 a
772 3007 887 3071 dextris
909 3009 1006 3091 patris
1029 3006 1112 3071 tilius
1135 3007 1304 3086 reueletur,

163 3111 335 3194 sicutipse
358 3111 470 3193 spiritu
493 3115 601 3176 saneto
624 3113 761 3194 repletus
785 3111 911 3176 effatur:
940 3131 1022 3176 ecce
1046 3111 1156 3175 uideo
1180 3111 1304 3174 caelos
1331 3135 1357 3174 re

163 3218 314 3298 apertos
337 3219 372 3278 et
394 3215 517 3279 filium
540 3216 699 3280 hominis
723 3236 741 3280 a
764 3217 905 3281 dextris
930 3220 1093 3280 stantem
1117 3215 1183 3280 dei.
1223 3215 1303 3294 uide,

163 3319 319 3402 quomodo
353 3318 411 3384 sub
446 3322 623 3402 spectaculo
654 3323 804 3387 trinitatis
836 3321 949 3386 edebat
980 3339 1110 3385 munera
1139 3319 1303 3403 passionis

998 3437 1012 3468 ο

267 3509 296 3578 e]
315 3508 466 3574 hennae.
521 3510 549 3579 a]
568 3510 627 3564 Aet.
641 3514 665 3575 2,
677 3514 701 3566 4.
758 3511 802 3580 15]
821 3512 880 3564 net.
894 3515 919 3575 5,
932 3513 973 3566 er.
1028 3510 1073 3578 25]
1092 3509 1151 3564 neo.
1167 3511 1190 3574 a,
1204 3513 1245 3564 55.

204 3687 313 3740 hartrat
330 3684 358 3738 P
409 3684 561 3752 3perepiee
578 3684 606 3738 P
656 3683 852 3738 distinctionem
871 3686 899 3739 P
949 3683 1118 3754 dperlerena
1138 3684 1165 3737 P
1216 3681 1304 3737 oillic

162 3790 213 3827 om.
233 3771 261 3825 P
312 3769 505 3823 nihilhominus
522 3771 548 3825 V
598 3770 728 3826 iteratoo
781 3770 908 3825 iteraoulo
928 3771 955 3824 P
1010 3774 1037 3824 et
1055 3771 1194 3824 nunc—7
1213 3785 1304 3822 eorum

162 3857 295 3914 etcm.P
346 3856 442 3924 9hoc]
461 3855 489 3908 iu
507 3857 600 3912 addo
655 3860 687 3913 10
704 3861 841 3925 rogaturo
896 3839 983 3912 11ἶοί
998 3857 1028 3926 V,
1048 3855 1171 3926 §repon
1184 3856 1305 3925 spiritus)

162 3945 196 4012 P,
214 3962 304 4000 oneo
363 3946 394 3999 12
413 3943 488 4011 eunt]
506 3944 595 4011 inquit
612 3945 676 3998 add.
696 3944 723 3997 P
779 3943 920 4016 manifeste
943 3947 969 4000 V
1022 3948 1063 3998 est
1077 3951 1140 4013 post
1158 3944 1305 3997 maiestatis

161 4033 239 4087 babel
257 4031 286 4084 P
350 4033 382 4086 13
400 4031 536 4099 incorpore
559 4032 585 4085 V
637 4035 668 4087 14
686 4031 822 4098 integrum
841 4032 869 4085 P
925 4035 957 4087 16
975 4031 1073 4085 israhel
1092 4033 1146 4086 PV
1213 4033 1243 4086 l'l
1263 4031 1304 4084 in·

162 4119 293 4186 quiunto
354 4133 446 4170 sumus
465 4135 544 4173 omo
599 4121 631 4173 19
648 4117 803 4185 intellegere
826 4120 856 4186 V,
876 4117 994 4187 intellige
1014 4118 1041 4171 P
1097 4121 1131 4173 20
1149 4117 1303 4187 praedican-

163 4203 226 4257 dmn
245 4204 273 4258 P
334 4207 366 4258 21
387 4203 509 4257 distineri
533 4205 559 4258 V
617 4203 796 4258 obedientiam
816 4205 843 4258 P
903 4208 936 4260 22
955 4209 1138 4260 remunereto
1203 4207 1235 4260 23
1254 4202 1303 4258 sub

162 4307 197 4344 nr.
209 4307 235 4360 p.
248 4307 287 4359 sp.
301 4309 351 4345 sn
421 4292 455 4344 24
474 4289 561 4359 eique]
580 4294 641 4346 etc
710 4293 743 4346 25
767 4290 864 4344 affertur
886 4293 912 4346 V
980 4293 1014 4345 26
1037 4295 1152 4344 stantem
1171 4309 1187 4344 a
1205 4289 1304 4344 dextris

163 4375 239 4432 dein
291 4375 334 4430 dei
351 4379 468 4430 stantem
486 4377 514 4430 P
