3100 4892
207 402 274 458 VIII
575 355 579 366 ι
653 402 893 478 Brolegomeua.

206 577 384 655 urbanis,
408 580 494 642 uelut
516 579 576 643 alio
595 579 661 644 loco
682 577 720 640 ad
741 577 894 642 Faustum
913 574 1052 639 scribens
1072 575 1244 657 palaestrae
1265 589 1340 637 uoce

207 683 303 746 utitur
319 683 372 762 ita,
394 685 430 746 ut
445 682 482 746 de
498 681 612 746 scholis
627 681 849 763 philosophicis
866 680 963 763 accipi
983 681 1127 761 nequeat,
1146 697 1177 760 p.
1194 675 1268 757 151,
1283 674 1340 740 25:

96 833 97 836 ,
202 807 336 870 precum
356 785 485 871 peritus
507 783 753 860 insulanarum,
782 804 864 869 quas
887 782 926 846 de
944 781 1155 869 palaestra
1175 801 1341 866 conprepa·

206 889 304 953 tionis
327 888 526 954 heremitidis
549 897 578 952 et
602 889 640 952 de
662 897 779 952 senatu
799 887 1024 951 Lirinensium
1044 885 1283 950 cellulanorum
1305 885 1341 947 in

206 991 316 1057 urbem
331 1015 461 1079 quoque,
474 993 569 1057 cuius
585 991 733 1077 ecclesiae
748 1015 846 1055 sacru
860 990 1108 1078 superinspicis,
1127 987 1340 1053 transtulisti.

249 1097 378 1178 Quando
397 1099 532 1163 Faustus
556 1099 594 1163 ad
617 1098 842 1163 monasterinm
864 1098 1033 1162 Leriuense
1057 1095 1230 1175 accesserit,
1252 1096 1341 1178 Igno·

205 1221 322 1283 ramea,
346 1202 400 1266 sed
423 1203 485 1267 iam
509 1203 700 1286 temporibus
720 1202 874 1267 Honorati
893 1201 1067 1266 fundatoris
1087 1204 1118 1264 et
1135 1197 1230 1283 primi
1247 1198 1341 1262 huius

206 1305 345 1371 coenobii
367 1326 465 1389 usque
492 1308 532 1372 ad
555 1325 672 1371 annum
695 1305 759 1368 426
787 1307 920 1387 abbatis,
951 1323 1012 1388 quo
1040 1323 1122 1370 anno
1148 1306 1174 1368 is
1197 1303 1340 1368 Patroclo

140 1479 143 1486 ,
206 1410 384 1476 Arelatensi
415 1412 558 1496 episcopo
589 1411 688 1476 occiso
722 1409 775 1492 (cf.
805 1411 949 1493 Prospcri
979 1410 1145 1475 chronicon
1175 1410 1214 1472 ad
1243 1408 1274 1471 h.
1298 1407 1341 1489 a.)

206 1516 366 1596 successit,
397 1515 502 1580 Larini
533 1535 604 1579 eum
635 1515 757 1598 degisse
788 1515 847 1580 alio
873 1516 941 1579 loco
968 1513 1167 1597 exposuimus
1198 1510 1341 1596 (Studien
1383 1495 1388 1503 ’

205 1613 286 1683 tiber
314 1621 361 1684 die
392 1619 549 1685 Schriften
581 1620 635 1684 des
664 1619 825 1684 Bischofes
856 1637 917 1684 von
946 1618 1014 1683 Reii
1045 1617 1195 1698 Faustus,
1224 1616 1341 1681 Vindo-

205 1722 304 1787 bonae
331 1721 423 1804 1889,
446 1744 476 1807 p.
494 1722 558 1807 73).
588 1725 685 1788 fuisse
708 1724 793 1788 enim
817 1724 967 1788 Faustum
989 1723 1157 1787 admodum
1183 1723 1341 1801 iuuenem,

205 1845 277 1891 cum
304 1828 452 1892 Lerinurn
484 1848 517 1892 se
545 1829 686 1908 contulit,
718 1847 754 1892 ex
785 1829 850 1892 eius
880 1827 1003 1892 dicendi
1032 1846 1145 1911 genere
1175 1826 1340 1909 colligitur,

205 1931 287 2014 qnod
315 1933 398 2014 sapit
421 1932 560 1997 scholam
585 1932 850 2014 monasterialem,
878 1935 914 1996 nt
940 1935 1049 2014 postea
1075 1931 1174 1995 fusius
1196 1929 1341 2012 explana-

205 2035 319 2099 bimus.
365 2037 416 2118 qui
450 2036 609 2101 Honorabo
643 2036 748 2101 Larini
783 2036 934 2100 successit
967 2055 991 2100 s.
1019 2035 1186 2117 Maximus,
1219 2037 1340 2117 septem

204 2141 312 2222 plenos
337 2158 435 2205 annos
459 2140 604 2206 abbatem
628 2141 726 2205 fuisse
750 2141 863 2223 (nsque
883 2141 923 2204 ad
943 2159 1061 2205 annum
1080 2137 1158 2221 433)
1177 2140 1244 2222 ipse
1259 2138 1340 2202 Fau-

205 2248 272 2308 stus
295 2244 327 2307 iu
350 2244 478 2308 homilia
500 2246 537 2309 de
561 2265 585 2309 s.
607 2244 745 2309 Maximo
766 2245 891 2309 Reiensi
914 2244 1022 2309 habita
1045 2244 1139 2327 (Biblz
1156 2243 1239 2308 Patr.
1256 2241 1339 2306 Max.

205 2347 302 2431 Lugd.
317 2348 361 2412 VI
374 2346 451 2430 655)
467 2348 569 2429 tradit,
585 2349 759 2414 Maximum
777 2352 883 2413 antem
899 2349 937 2412 ad
950 2349 1162 2432 episcopatum
1174 2347 1340 2412 Reiensem

205 2455 386 2535 prouectum
400 2453 551 2518 Faustum
565 2454 720 2536 excepisse
734 2451 878 2519 Sidonius
891 2454 966 2517 dicit
976 2455 1009 2517 in
1024 2453 1162 2517 carmine
1174 2452 1249 2516 XVI
1263 2448 1339 2514 112:

713 2608 826 2695 fucrit
848 2608 921 2693 quis
945 2608 1112 2671 Macrinus
1135 2606 1203 2685 ille,

248 2711 359 2776 urbem
381 2713 437 2796 (sc.
455 2713 562 2796 Reios)
586 2722 622 2775 tu
645 2711 701 2797 (so,
723 2715 853 2797 Fausto)
875 2713 970 2776 cuius
992 2713 1219 2798 monachosque
1242 2711 1298 2794 (sc.

654 2818 854 2901 Lerineuses)
877 2818 1011 2881 antistes
1034 2826 1063 2880 et
1086 2815 1185 2879 allus

249 2919 297 2984 bis
320 2943 482 2984 successor
504 2921 585 3007 apis.

206 3079 309 3160 itaque
327 3097 353 3142 a.
365 3077 429 3141 433
445 3078 597 3142 Faustum
616 3078 762 3142 abbatem
779 3079 983 3143 lerinensem
995 3078 1113 3142 lactum
1126 3096 1194 3141 esse
1206 3079 1338 3143 constat.

247 3182 396 3248 Plurimis
414 3183 564 3252 ,eiusdem
595 3185 740 3248 carminIs
769 3181 927 3247 Sidoniani
956 3182 1030 3246 locis
1058 3181 1210 3246 Faustum
1236 3181 1340 3246 LerIni
1379 3245 1382 3250 .

206 3306 330 3352 summa
355 3289 388 3351 iu
411 3307 444 3351 se
469 3289 648 3352 austeritate
672 3289 770 3352 fuisse
795 3287 969 3366 edocemur,
996 3304 1090 3367 quam
1118 3286 1224 3370 magni
1247 3287 1340 3350 aesti-

207 3395 324 3455 matam
354 3411 422 3455 esse
453 3392 492 3456 ab
522 3391 704 3473 aequalibus
734 3392 805 3456 inde
836 3392 1056 3475 perspicImns,
1091 3391 1172 3473 quod
1201 3391 1339 3454 Hilarius

206 3495 367 3578 episcopus
391 3494 594 3576 ArelatensiS,
621 3513 693 3560 cnm
716 3496 866 3559 lerinum
892 3496 1032 3560 uenisset
1054 3496 1092 3560 ad
1114 3495 1340 3578 ademarium

207 3603 307 3664 aetate
334 3599 512 3664 confectum
534 3600 709 3681 uisendum,
736 3598 894 3662 Faustum
912 3598 1138 3685 presbyterum
1155 3599 1289 3684 pariter
1311 3608 1340 3661 et

206 3701 419 3766 adharamita
439 3703 625 3780 honorauit,
649 3713 686 3766 ut
707 3703 794 3766 inter
814 3725 846 3767 se
865 3713 895 3766 et
909 3714 1033 3768 sanctos
1047 3704 1226 3767 sacerdotes
1246 3703 1341 3767 Theo·

207 3805 322 3868 dorum
349 3807 543 3891 (episcopum
572 3808 853 3891 Foroiulienseml)
880 3818 909 3870 et
935 3808 1118 3872 Manimum
1145 3809 1339 3893 (episcopum

205 3911 384 3993 Reiensem)
413 3910 554 3974 medium
582 3911 775 3996 compulerit
802 3911 944 3975 residere
972 3914 1051 3998 (nita
1077 3912 1339 3994 clibanica,
1437 3943 1441 3946 ·

205 4015 323 4098 Migne,
346 4016 430 4080 Patr.
447 4016 542 4080 latu
569 4014 675 4100 1230).

249 4120 324 4185 Post
347 4138 465 4184 annum
487 4119 563 4202 449,
591 4139 652 4203 quo
675 4122 794 4186 Hilario
821 4127 942 4189 mortuo
969 4123 1149 4188 Rauennius
1176 4124 1339 4207 episcopus

205 4222 399 4289 Arelatensis
430 4224 530 4289 faetus
562 4229 619 4307 est,
654 4229 685 4290 et
715 4231 787 4292 ante
820 4245 938 4292 anunm
967 4225 1046 4308 462,
1080 4245 1140 4310 quo
1173 4227 1339 4293 Leontium

206 4329 358 4393 Itanennii
381 4347 591 4394 successorem
616 4331 679 4395 iam
703 4333 883 4414 episcopum
904 4332 1123 4397 Arelatensem
1147 4334 1243 4398 tuisse
1267 4353 1340 4400 con·
