3100 4892
631 392 696 447 1111.
716 392 825 446 Sermo
844 395 867 448 7,
1260 390 1320 455 251

181 569 306 635 liuentis
330 569 452 634 leuibus
475 569 576 634 uirtus
598 567 773 634 infunditur
789 572 821 632 et
843 585 994 652 aquarum
1015 572 1128 632 natura
1150 568 1323 633 inebriatur

181 691 218 738 ac
246 675 292 739 sic
323 692 404 739 nouo
435 691 521 738 more
551 674 699 738 creatoris
730 673 779 738 sui
809 672 981 757 potentiam
1012 672 1209 738 confitentur.
1253 674 1324 755 quis

179 783 285 862 potest
306 779 369 844 ista
391 781 572 844 conuertere
596 779 657 843 nisi
680 777 732 862 qui
755 777 858 861 potnit
879 781 912 842 et
933 781 1059 842 creare?

224 883 437 948 Deficiente
453 901 526 966 ergo
541 883 615 948 nino
631 882 724 947 dicit
739 883 783 946 ad
798 881 921 946 Iesum
938 885 1056 947 mater
1079 882 1173 946 eius:
1196 883 1323 947 uinum

180 1005 251 1051 non
275 987 424 1052 habent.
470 987 570 1071 primo
590 988 657 1052 looo
680 987 888 1069 requiramus,
911 987 992 1069 quod
1015 986 1076 1051 fnit
1097 987 1218 1068 uinum,
1241 987 1323 1069 qnod
1361 1016 1374 1054 ⁵

181 1091 333 1157 defecisse
363 1091 485 1172 dicitur,
516 1095 548 1156 et
577 1091 650 1174 qnid
681 1091 723 1155 sit
752 1091 837 1155 aliud
866 1093 991 1171 uinum,
1025 1091 1107 1173 quod
1138 1090 1324 1156 mirabiliter

179 1199 392 1280 praeparatur,
416 1197 497 1278 quod
521 1195 749 1261 arclutriclinus
773 1196 885 1259 melius
908 1213 978 1260 esse
998 1197 1180 1278 pronuntiat
1202 1196 1322 1260 dicens:

180 1301 299 1365 omnis
327 1301 433 1364 homo
460 1301 619 1382 primum
647 1299 782 1364 bonum
805 1299 933 1364 uiuum
958 1300 1066 1383 ponit
1093 1303 1141 1380 et,
1170 1318 1250 1364 oum
1271 1302 1324 1365 in-

179 1404 318 1470 ebriati
338 1405 493 1486 luerint,
513 1406 559 1486 id,
583 1406 678 1488 qnod
698 1405 868 1469 deterius
888 1408 954 1469 est.
993 1408 1031 1469 tu
1052 1422 1140 1471 uero
1160 1405 1322 1469 seruasti

180 1508 319 1575 bonnm
341 1510 468 1574 ninum
497 1527 614 1592 nsque
637 1528 743 1574 nune.
789 1510 899 1574 unum
923 1509 1032 1573 multis
1055 1510 1130 1573 locis
1154 1510 1323 1592 accipimus
1351 1535 1375 1575 ro

178 1614 286 1678 diutim
308 1617 474 1696 praecepta
503 1618 534 1678 ot
556 1615 727 1696 scripturas
751 1617 876 1679 sanctas
904 1613 1157 1678 meracissimum
1184 1614 1323 1697 uigorem

180 1718 327 1784 caelestis
350 1718 522 1801 sapientiae
545 1718 751 1799 continentes,
775 1717 888 1800 quibus
911 1718 951 1782 ad
973 1735 1114 1783 amorem
1137 1718 1254 1782 domini
1276 1719 1325 1782 in-

179 1824 339 1888 calescant
362 1841 474 1888 sensns
499 1826 530 1888 et
551 1822 747 1888 inebriantur
770 1822 912 1903 affectus,
936 1823 1109 1887 secundum
1132 1822 1220 1903 illud,
1244 1823 1325 1904 quod

179 1929 216 1992 de
241 1926 397 2010 sapientia
419 1929 538 1992 dictum
561 1931 623 1992 est:
668 1929 820 2011 parauit
840 1945 1006 1992 mensam
1029 1945 1148 2008 suam,
1172 1927 1326 1992 miscuit

179 2033 309 2096 uinum
348 2049 454 2095 suum
491 2033 527 2096 in
565 2036 720 2098 cratere.
774 2034 998 2116 scripturarum
1036 2050 1109 2116 ergo
1147 2032 1323 2096 diuinmnm
1350 2057 1375 2096 15

178 2138 292 2216 uirtus,
324 2136 501 2220 siquando
532 2137 663 2202 alicuius
693 2137 842 2202 interiora
870 2137 1048 2219 repleuerit,
1079 2138 1181 2201 dicere
1209 2137 1326 2220 poterit

177 2260 252 2306 oum
276 2240 448 2323 propheta:
480 2242 622 2325 potasti
652 2259 717 2307 nos
744 2243 831 2306 uino
858 2242 1162 2324 conpunctionis
1192 2245 1238 2306 ot:
1265 2259 1324 2324 po-

175 2346 306 2411 culum
336 2349 440 2409 tuum
463 2344 655 2410 inebrians
678 2365 786 2428 quarn
809 2346 1044 2429 praeclarum
1067 2349 1130 2411 est.
1176 2349 1324 2429 operante

175 2467 253 2534 ergo
279 2447 401 2514 Christo
424 2450 456 2513 in
480 2448 566 2514 Cana
589 2449 747 2515 Galilaeae
774 2451 885 2515 ninum
909 2450 1023 2515 deiecit
1046 2455 1078 2515 et
1104 2450 1213 2515 ninum
1240 2450 1323 2532 fecit,

175 2555 208 2619 id
237 2557 288 2618 est
315 2553 427 2618 umbra
455 2559 634 2620 remanetur
663 2558 694 2619 et
720 2555 836 2619 ueritas
863 2558 1092 2637 praesentatur,
1121 2555 1170 2619 len
1197 2556 1323 2636 recedit,
1350 2578 1376 2618 ro

175 2659 280 2744 gratia
307 2659 461 2739 succedit,
490 2659 627 2723 carnalia
654 2657 847 2742 spiritalibus
875 2663 1119 2740 commutantur,
1146 2660 1179 2723 in
1206 2678 1324 2724 nonum

177 2766 409 2828 testamentum
425 2763 603 2828 obseruatio
619 2767 744 2828 uetusta
764 2764 1005 2844 transfunditur,
1028 2764 1109 2828 siout
1123 2763 1234 2828 beatus
1251 2783 1325 2848 apo-

176 2869 280 2933 stolus
297 2867 385 2931 dicit:
414 2871 545 2932 uetera
567 2867 805 2932 transierunt
827 2872 863 2932 et
885 2887 969 2932 ecee
991 2870 1027 2932 in
1052 2868 1201 2933 Christo
1223 2869 1325 2932 lacta

175 2976 269 3037 sunt
299 2972 424 3037 omnia
453 2990 556 3037 noua.
604 2973 758 3054 quomodo
790 2977 896 3038 autern
927 2973 1056 3057 hydriae
1085 2975 1157 3039 illae
1186 2974 1323 3057 inpletae

174 3093 261 3159 aqua
278 3076 355 3140 nihil
372 3077 519 3141 minuunt
535 3095 570 3141 eu
587 3095 633 3157 ao,
656 3077 738 3159 quod
762 3081 859 3157 erant,
884 3081 915 3141 et
937 3082 1044 3142 tamon
1067 3078 1222 3161 incipiunt
1244 3097 1322 3157 esse,
1350 3101 1376 3140 aa

173 3180 263 3264 quod
278 3197 341 3244 non
358 3184 456 3261 erant,
479 3180 524 3245 ita
538 3182 587 3245 len
603 3199 666 3246 non
681 3183 795 3265 perluit
816 3201 872 3265 per
895 3181 1067 3246 aduentum
1091 3180 1207 3246 Christi
1230 3180 1322 3245 abac·

172 3287 255 3365 luta,
273 3284 330 3348 sed
349 3284 488 3367 proiecit.
525 3286 600 3350 uino
616 3304 689 3369 ergo
705 3284 867 3350 deficiente
883 3287 993 3350 uinum
1008 3286 1093 3350 alind
1115 3287 1320 3351 ministratur.

172 3389 297 3454 bonum
311 3388 437 3470 quidem
450 3393 499 3454 est
511 3394 601 3453 uetus
615 3394 851 3471 testamentum,
868 3391 923 3454 sed
937 3391 1004 3454 sine
1017 3390 1147 3473 spiritali
1158 3391 1321 3455 intellectu

173 3493 342 3560 euanescit
357 3493 389 3557 in
405 3493 522 3573 littora,
543 3511 660 3558 nonum
676 3513 750 3558 uero
766 3495 893 3559 odorem
913 3494 998 3559 uitae
1014 3495 1147 3559 reddidit
1162 3495 1194 3559 in
1210 3496 1319 3580 gratia.

283 3665 312 3734 4]
332 3665 423 3720 Icaun.
433 3669 458 3730 2,
469 3667 492 3721 3.
538 3666 566 3735 8]
586 3665 713 3731 Ioanu.2,
725 3669 763 3722 10.
812 3668 855 3735 14]
875 3668 954 3721 Pron.
965 3671 989 3732 9,
1000 3671 1023 3723 2.
1074 3667 1116 3738 17]
1135 3668 1320 3733 rachanas.

171 3753 371 3818 Psalmaaa.
425 3753 470 3823 23]
489 3751 578 3808 acor.
590 3757 613 3818 5,
628 3756 668 3808 17.

219 3908 361 3966 lienibus
381 3910 478 3966 anscb.
550 3913 658 3966 tunore
676 3928 709 3965 aa
727 3926 835 3964 mouera
852 3912 883 3965 D
943 3911 1097 3966 6daficisse
1116 3914 1145 3967 D
1207 3913 1275 3966 aliut
1293 3915 1323 3968 D

172 4002 206 4056 13
226 3997 395 4052 inebriantur
412 4000 484 4070 Aap.
549 4002 581 4055 15
600 4001 715 4053 crataera
735 4000 764 4053 D
827 4001 859 4054 19
878 3999 998 4053 chanaan
1017 4001 1046 4054 D
1105 4002 1160 4055 unu
1178 4000 1275 4054 deiecit
1292 4001 1322 4055 D

170 4085 251 4155 facit]
271 4083 305 4138 fit
323 4086 393 4155 Aup.
409 4085 508 4141 Duoeh.
570 4088 603 4142 11
624 4085 737 4140 succidit
756 4088 785 4140 D
847 4090 1046 4140 commotantur
1063 4089 1093 4143 D
1145 4090 1179 4143 24
1196 4087 1273 4158 ydrie
1292 4089 1321 4142 D

171 4173 219 4228 ille
244 4170 345 4241 inplete
370 4173 398 4226 D
476 4175 510 4228 25
533 4173 660 4227 minuunt
678 4174 826 4242 DDaoeh,
850 4174 1010 4228 minuuntur
1028 4177 1098 4244 Aop.
1171 4177 1205 4229 26
1222 4175 1322 4243 petiuit

170 4259 285 4330 scripsi,
309 4257 408 4328 peribit
431 4261 467 4326 D,
487 4259 556 4328 perit
574 4262 645 4330 Aoo.
661 4261 759 4316 Enoch.
842 4263 876 4318 27
894 4261 1008 4333 proiecit
1031 4263 1138 4333 scripsi,
1162 4261 1268 4333 proiicit
1291 4262 1321 4319 D

171 4349 207 4408 29
228 4344 322 4402 reddit
340 4347 411 4420 Aup.
425 4347 523 4404 Erech.
