3100 4892
583 415 680 470 Liber
697 416 726 470 11
746 418 855 472 10—11.
1247 413 1288 479 89

150 595 291 660 rentibus
323 595 384 659 ista
417 594 583 659 eonfertur.
622 594 678 658 illa
709 592 946 657 renascentibus
981 592 1193 671 ministratur,
1229 592 1289 655 iste

150 698 359 765 nascentibus.
393 698 521 763 libertas
544 699 584 763 ad
607 699 707 763 solam
729 698 780 762 dei
802 698 937 781 pertinet
959 696 1182 780 operationem,
1210 696 1288 760 libe·

149 806 226 869 ratio
250 808 282 869 et
304 804 343 868 ad
365 803 482 868 subditi
504 803 640 868 hominis
663 804 857 867 seruitutem.
897 802 951 866 illa
976 800 1066 865 bonis
1094 801 1287 881 confirmata,

150 911 209 973 ista
231 912 265 973 et
286 908 377 973 malis
400 909 494 973 insita
516 911 573 972 est.
605 909 659 973 illa
682 907 843 990 adquisitis
867 911 898 971 et
920 905 1192 990 perseuerarrtibus
1216 924 1289 971 eon·

148 1014 237 1097 petit,
260 1014 320 1078 ista
342 1018 374 1078 et
386 1012 515 1096 perditis
532 1013 677 1096 suppetit.
716 1013 771 1077 illa
786 1012 957 1092 ooudoutis,
974 1011 1034 1075 ista
1050 1014 1081 1076 et
1096 1010 1287 1075 oboedientis
1327 1038 1340 1079 s

150 1123 205 1182 est.
233 1118 288 1182 illa
302 1119 468 1199 potentiae,
490 1118 551 1182 ista
567 1121 616 1182 est
631 1116 869 1182 misericordiae.
897 1116 950 1180 illa
966 1116 1091 1200 originis
1109 1120 1140 1179 et
1153 1115 1287 1199 generis,

149 1223 209 1287 ista
232 1228 281 1287 est
303 1224 442 1287 muueris
466 1226 498 1287 et
519 1223 653 1287 uirtutis.

687 1448 743 1513 XI.

389 1610 510 1651 dumus
532 1610 621 1652 DBUM
643 1608 866 1653 seruaturum
890 1610 1046 1653 SAPUISSE.

190 1745 308 1809 Plenus
331 1745 442 1827 spiritu
465 1749 574 1809 saneto
595 1745 749 1829 propheta
764 1746 877 1810 Daniel
898 1748 998 1811 seiens
1022 1747 1115 1811 deum
1139 1749 1168 1813 iu
1194 1766 1288 1812 seusu
1317 1776 1341 1813 ιο

149 1851 285 1915 hominis
315 1852 490 1934 appetitum
519 1851 592 1916 boui
622 1852 736 1915 maline
766 1852 919 1935 posuisse,
949 1853 994 1917 ita
1024 1852 1288 1919 Nabuoodenosor

152 1956 317 2039 alloquitur
344 1954 464 2020 dicens:
495 1955 733 2038 quamobrem
761 1957 961 2021 eonsilium
992 1976 1110 2021 meum
1140 1959 1289 2041 plaeeat

152 2060 236 2141 tibi,
265 2078 284 2125 o
313 2080 390 2141 rex,
420 2064 457 2125 et
484 2064 639 2143 peecata
666 2065 729 2126 tua
753 2061 972 2144 elimosynis
999 2062 1140 2126 redime
1164 2068 1199 2127 et
1221 2065 1289 2128 iui-

153 2166 313 2247 quitates
343 2168 427 2229 tuas
457 2166 769 2230 miserationibus
799 2184 1012 2250 pauperum.
1052 2170 1087 2231 et
1117 2172 1288 2250 peecata,

151 2270 259 2351 inquit,
284 2273 347 2334 tua
366 2270 584 2353 elimosynis
603 2270 752 2334 redime.
792 2270 963 2354 praefixum
984 2272 1080 2336 uideri
1097 2290 1159 2337 non
1175 2276 1287 2355 potest,
1317 2298 1340 2337 rr

153 2374 299 2456 quidquid
321 2374 431 2439 redimi
452 2377 564 2457 potest.
604 2393 623 2439 a
645 2376 778 2439 sanitate
802 2376 910 2457 utique
933 2393 995 2440 nou
1027 2377 1208 2459 excluditur,
1239 2380 1288 2441 eui

152 2479 322 2543 remedium
340 2479 553 2561 persuadetur.
578 2480 734 2563 simulque
755 2481 785 2544 ei
804 2480 967 2545 arbitrium
991 2499 1051 2545 uon
1076 2486 1219 2564 negatur,
1240 2484 1288 2547 eui

153 2602 320 2649 cousensus
343 2584 483 2669 erigitur.
521 2584 611 2649 liberi
634 2585 732 2649 animi
754 2584 891 2650 officium
914 2604 976 2650 non
1000 2586 1114 2667 amisit,
1143 2588 1195 2668 qui
1218 2606 1289 2670 pro·

152 2688 241 2753 batur
263 2690 419 2771 suscipere
441 2690 579 2772 potuisse
601 2690 775 2754 eonsilium.
813 2708 831 2754 a
854 2692 955 2755 salute
978 2692 1098 2755 alienus
1119 2710 1180 2756 non
1201 2692 1289 2756 inue-

154 2793 244 2873 nitur,
268 2794 318 2858 eui
341 2794 473 2857 materia
495 2794 604 2858 salutis
626 2794 787 2878 ingeritur.
824 2799 855 2859 et
878 2796 926 2860 eui
942 2795 1033 2861 offert
1048 2796 1200 2879 propheta
1215 2814 1287 2860 sou·
1315 2824 1341 2861 νο

152 2898 303 2980 parandae
325 2898 538 2983 indulgentiae
561 2900 767 2981 oeeasiouem,
797 2901 899 2965 inesse
928 2902 956 2965 oi
979 2901 1151 2966 uoluntatis
1175 2902 1288 2965 asserit

152 3006 345 3084 potestatem.

194 3105 250 3171 Sed
272 3110 305 3171 et
326 3107 395 3187 hoo,
419 3108 502 3189 quod
516 3106 659 3172 Baltasar
678 3110 805 3193 gentilis
826 3111 967 3194 arguitur
984 3111 1105 3176 dieeute
1121 3112 1286 3195 propheta:

152 3209 312 3276 laudasti
343 3212 429 3275 deos
459 3217 659 3296 argenteos
682 3217 718 3278 et
748 3232 880 3280 aureos
904 3219 938 3279 et
959 3216 1108 3299 ligneos
1132 3220 1167 3280 et
1197 3217 1287 3299 lapi-

152 3314 235 3379 deos
257 3320 294 3380 et
316 3316 438 3397 deum,
460 3317 497 3380 in
519 3318 624 3381 ouius
647 3336 756 3382 manu
780 3318 897 3383 slatus
920 3323 1005 3383 tuus
1029 3324 1098 3401 est,
1122 3339 1191 3385 nou
1212 3322 1287 3385 lau·
1315 3346 1339 3383 er

153 3420 254 3484 dasti.
291 3420 391 3501 uides,
414 3422 486 3503 quia
505 3422 555 3486 hio
576 3423 752 3506 alienigena
771 3425 865 3488 deum
888 3414 919 3488 et
942 3426 1020 3489 seire
1042 3425 1144 3508 potuit
1167 3430 1198 3489 et
1220 3426 1288 3489 lau-

53 3607 56 3613 ,
152 3522 232 3605 dare,
251 3526 305 3590 sed
321 3526 431 3590 noluit.
461 3526 565 3590 inesse
579 3526 698 3591 homini
713 3528 908 3593 intellectum
924 3530 973 3594 dei
988 3530 1102 3613 pariter
1119 3534 1151 3594 et
1166 3530 1286 3594 cultum
1312 3518 1317 3527 ’

152 3627 219 3693 ideo
239 3630 390 3714 propheta
412 3632 609 3712 memorauit,
641 3633 714 3714 quia
735 3633 839 3716 legem
863 3638 993 3699 naturae
1016 3635 1181 3699 indiscrete
1205 3634 1287 3698 intra

152 3734 250 3797 omnis
271 3734 406 3799 hominis
430 3754 559 3799 sensum
578 3736 684 3818 uigere
700 3736 854 3821 cognouit.
887 3742 917 3802 et
931 3742 1095 3821 propterea
1110 3756 1181 3802 eum
1197 3756 1286 3821 prae-

150 3834 215 3901 lato
233 3836 495 3905 Nabuoodonosor
524 3840 592 3924 regi
615 3840 727 3906 Daniel
757 3842 821 3905 uim
845 3842 957 3907 somnii
979 3844 1161 3924 reuelasset,
1192 3844 1285 3907 deum
1313 3868 1339 3907 eo

252 4011 294 4079 12]
312 4011 380 4066 nan.
395 4014 420 4079 r,
432 4014 474 4067 24.
528 4012 573 4080 24]
592 4012 660 4067 Dan.
675 4017 699 4079 s,
713 4016 753 4069 ae.

193 4172 295 4230 litae
349 4178 381 4230 10
399 4174 506 4229 danihel
525 4176 553 4231 P
605 4180 635 4233 ll
653 4178 827 4247 possuisseP
879 4178 1136 4247 uabogodouosorP
1188 4182 1220 4235 13
1239 4178 1286 4232 oli-

148 4256 257 4311 mosinis
274 4262 302 4315 P
371 4265 402 4317 15
421 4260 573 4331 elymosinis
592 4266 620 4319 P
690 4268 722 4320 16
740 4266 849 4333 utiquae
869 4268 902 4335 P,
925 4267 1048 4335 itaquev
1119 4269 1150 4322 17
1174 4266 1248 4319 euius
1270 4285 1286 4319 o

149 4372 184 4424 24
200 4336 280 4427 lineos
298 4376 325 4429 P
376 4376 410 4430 30
428 4373 646 4443 nabogodouosor
665 4378 692 4432 P
745 4376 853 4431 danihel
873 4379 900 4433 P
