3100 4892
242 425 286 489 44
705 425 725 477 I.
745 425 790 478 De
808 426 916 493 gratia

241 601 292 665 hic
314 600 373 665 sub
395 602 617 685 interrogantis
640 602 692 665 uel
715 600 878 666 obicientis
900 620 1034 684 persona
1049 604 1238 667 contrarium
1255 620 1381 667 sensum

241 706 401 789 apostolus
423 706 614 787 intromittit,
639 726 732 788 quem
756 726 793 771 en
816 707 946 772 aduerso
961 709 1153 791 propositum
1170 708 1312 789 sequenti
1335 708 1383 771 in·

241 811 417 892 crepatione
432 812 568 895 castigat
583 811 702 876 dicens:
726 830 743 876 o
764 813 884 893 homo,
908 815 947 876 tn
968 812 1051 893 quis
1076 832 1126 893 ea,
1150 814 1211 893 qui
1233 830 1381 895 respou-

241 916 328 980 deas
359 916 447 980 deo?
486 934 529 979 an
560 934 631 981 uon
663 917 777 981 habet
806 920 1034 999 potestatem
1067 918 1209 1001 figulus
1240 917 1311 980 luti
1343 936 1383 980 ex

201 1050 214 1089 s
241 1022 370 1087 eedem
393 1038 518 1085 massa
539 1022 662 1085 facere
686 1022 786 1085 aliud
810 1040 875 1087 uas
899 1022 1148 1103 inhonorem,
1172 1022 1274 1086 aliud
1297 1039 1383 1086 uero

241 1127 278 1191 in
301 1126 592 1190 contumeliam?
622 1126 673 1189 hic
694 1126 828 1190 infidelis
846 1127 1057 1191 curiositatem
1074 1126 1235 1211 arguentis
1252 1127 1384 1191 anctori-

239 1235 305 1296 tate
333 1230 500 1313 conpescit.
530 1234 661 1295 etcum
697 1230 786 1295 dicit:
817 1249 861 1296 an
891 1249 962 1295 non
992 1232 1106 1296 habet
1137 1235 1383 1314 potestatem,

239 1337 290 1400 hic
312 1335 518 1400 calumnianti
542 1336 642 1400 solam
669 1335 718 1399 dei
745 1334 841 1400 obicit
863 1339 1051 1419 potestatem
1075 1341 1279 1400 contemnens
1303 1337 1385 1400 eius-

241 1441 313 1504 dem
335 1432 497 1520 rationem,
521 1440 574 1522 qui
597 1440 760 1504 uniuersos
784 1439 939 1505 humanos
956 1444 1044 1504 actus
1061 1441 1184 1505 diuinae
1199 1441 1385 1505 ordinationi

190 1568 215 1606 ιο
240 1546 362 1609 indocte
386 1548 416 1608 et
430 1544 596 1608 infideliter
612 1544 817 1609 adscnuebat.
857 1564 901 1610 an
924 1564 995 1609 non
1017 1546 1132 1611 habet
1153 1550 1385 1629 potestatem

240 1650 382 1733 figulus
404 1650 475 1713 inti
499 1669 539 1712 ex
563 1650 690 1736 eadem
710 1668 835 1714 massa
857 1650 981 1714 facere
1004 1651 1104 1714 aliud
1127 1668 1193 1715 uas
1215 1652 1252 1715 in
1272 1651 1385 1715 hono-

239 1774 330 1833 rem,
358 1754 458 1818 aliud
487 1773 575 1819 uero
598 1755 634 1818 in
662 1756 950 1820 contumeliam?
989 1756 1070 1820 iuter
1098 1757 1175 1820 haec
1204 1756 1279 1819 dum
1311 1756 1386 1819 dicit

240 1879 281 1923 ex
305 1858 429 1922 eadem
453 1877 590 1939 massa,
622 1860 810 1941 quicumque
841 1860 918 1924 duas
949 1862 1072 1943 generis
1101 1860 1231 1924 humani
1262 1878 1384 1924 massas

242 1982 310 2027 esse
332 1962 542 2043 arbitrabaris²
564 1982 660 2028 unam
682 1982 770 2028 sacra
792 1984 828 2028 en
844 1966 976 2029 lectione
992 1983 1153 2049 cognosce.
1185 1965 1262 2028 duas
1278 1968 1383 2029 autem

190 2095 215 2135 ra
241 2069 316 2132 iacit
330 2068 469 2152 prauitas
486 2068 658 2132 studiorum
675 2073 706 2132 et
722 2070 887 2134 diuersitas
904 2071 1115 2134 uoluntatum.
1146 2070 1190 2133 ita
1203 2088 1259 2152 pro
1275 2088 1384 2134 aarum

241 2171 454 2254 qualitatibus,
478 2190 541 2237 uon
563 2191 618 2255 pro
641 2174 767 2255 inpulsu
791 2173 841 2237 dei
864 2175 1077 2256 unusquisque
1101 2178 1155 2239 aut
1178 2175 1384 2239 contumeliae

240 2296 297 2341 uas
321 2277 523 2341 anthenoris
547 2277 688 2342 efficitur.

767 2404 856 2516 xrrr'.

291 2595 343 2636 uer
367 2593 427 2635 suu
450 2594 567 2636 quarm
590 2596 645 2636 nur
668 2596 709 2636 ur
731 2594 898 2638 uocununs
921 2596 1052 2637 nunnus
1076 2594 1333 2639 rnarruonrounrr

189 2670 215 2708 2⁰
611 2682 805 2725 nssnnrrone
829 2683 1011 2725 socrnnruu.

283 2797 314 2862 Si
333 2799 413 2863 bene
433 2799 577 2863 intendas
599 2800 750 2881 animum,
774 2804 881 2883 aperte
902 2801 1083 2883 copioseque
1107 2819 1285 2885 cognosces,
1309 2820 1383 2883 quo

240 2903 330 2967 modo
342 2923 398 2987 per
413 2908 593 2968 sanctarum
605 2906 735 2989 paginas
752 2907 976 2988 scripturarum
993 2925 1076 2970 nunc
1092 2910 1249 2970 asseratur
1265 2908 1382 2989 gratiae

239 3008 349 3088 uirtus,
373 3027 456 3072 nunc
478 3010 635 3074 humanae
658 3011 831 3075 uoluntatis
848 3012 1010 3075 adsensus.
1041 3011 1243 3094 fragilitatem
1262 3011 1380 3075 a1·bitrii

239 3113 502 3195 demonstramus,
526 3134 597 3179 cum
614 3115 761 3179 addeum
780 3116 929 3179 dicimus:
952 3134 1059 3197 pone,
1077 3117 1237 3197 domino,
1262 3121 1382 3180 custo-

187 3242 213 3281 rs
240 3218 336 3282 diem
368 3220 421 3282 ori
452 3238 530 3283 meo
565 3224 601 3284 et
630 3222 768 3285 ostium
799 3222 1108 3285 circumstantiae
1138 3221 1249 3285 labiis
1281 3221 1379 3283 meis.

239 3321 316 3385 item
335 3322 423 3386 iubet
442 3342 545 3388 sermo
567 3325 702 3405 diuinus,
725 3329 761 3389 ut
783 3325 897 3407 aliquid
921 3326 1009 3408 uigor
1032 3326 1131 3407 possit
1155 3325 1284 3405 arbitrii,
1308 3326 1380 3389 dum

239 3426 278 3490 ad
297 3427 458 3491 hominem
481 3428 572 3492 dicit:
596 3430 728 3494 cohibe
750 3430 920 3513 lingnam
944 3433 1045 3494 tuam
1070 3448 1088 3493 a
1110 3431 1205 3494 malo
1227 3433 1263 3493 et
1282 3429 1382 3493 labia

239 3535 369 3595 tuane
392 3533 597 3614 loquantur
620 3536 752 3599 dolum.
794 3534 958 3599 arbitrium
986 3534 1185 3600 commendat
1212 3534 1381 3618 sapientiae

342 3792 370 3861 3]
390 3791 466 3846 raom.
480 3795 504 3858 9,
518 3795 559 3848 ao.
612 3793 658 3863 aa]
677 3792 777 3847 nsum.
793 3796 849 3859 140,
863 3795 887 3849 3.
941 3795 987 3865 ar]
1006 3794 1104 3848 esaim.
1119 3795 1160 3859 33,
1175 3797 1215 3850 14.

282 4038 298 4091 6
316 4036 481 4104 argumentis
498 4055 514 4092 o
568 4039 585 4092 8
603 4039 775 4091 contemnens
794 4037 911 4091 eiusdem
931 4038 1060 4092 rationem
1080 4038 1187 4108 scripsi,
1210 4042 1381 4092 contemnens

238 4122 462 4176 siderationem
480 4124 513 4191 P,
533 4122 692 4177 counincens
711 4140 772 4177 cnm
792 4126 927 4181 rationes
979 4126 1151 4180 tuninersas
1170 4126 1197 4179 P
1249 4124 1339 4178 diuino
1355 4126 1383 4180 P

240 4214 273 4266 13
289 4210 402 4263 humani
419 4210 558 4277 generisi>
612 4213 644 4266 16
662 4211 858 4280 unusquisquae
872 4213 899 4266 P
950 4216 984 4267 20
1003 4213 1149 4282 sociantur]
1169 4216 1195 4265 et
1213 4210 1245 4264 de
1262 4210 1380 4280 paruulis

237 4297 324 4350 inanis
342 4296 476 4350 calumnia
493 4296 656 4351 transeundo
673 4299 865 4367 perstringitur
885 4300 978 4355 admo
1047 4302 1079 4355 21
1105 4315 1246 4369 cognosces
1268 4300 1374 4369 scapo,

238 4384 373 4453 cognoscis
391 4384 419 4437 P
470 4387 503 4441 22
522 4384 648 4455 sclarium
666 4386 694 4441 P
744 4388 780 4442 23
798 4402 956 4443 ascensnsv
