3100 4892
635 400 732 455 Liber
749 403 763 456 1
782 405 857 457 6-7.

706 647 776 711 VH.

176 790 296 832 comus
320 791 393 852 noc,
417 792 501 840 ouon
524 792 641 833 nrounn
668 792 809 834 ursanum
837 792 1009 836 anmmuusr
1037 794 1077 833 nx
1100 792 1180 834 nono
1203 793 1312 835 nursam

656 878 830 921 suasurum.
1138 866 1144 885 ⁵

215 994 320 1058 Huius
353 996 502 1078 inprobae
536 996 744 1078 persuasionis
781 999 915 1061 assertor
953 996 1112 1060 hominem
1150 996 1311 1061 intellectu

174 1100 410 1181 locupletatum,
432 1100 552 1163 ratione
574 1100 761 1184 praeditum,
791 1101 914 1164 diuinae
942 1101 1086 1184 imaginis
1117 1101 1232 1164 honore
1260 1100 1312 1165 de·
1352 1118 1363 1152 ⁵

174 1206 315 1267 conatum
337 1204 439 1267 brutis
462 1203 674 1268 animantibus
698 1207 730 1267 et
751 1205 901 1269 iumentis
925 1204 1142 1286 insipientibus
1167 1204 1313 1268 aestimat

175 1308 417 1389 conparandum,
440 1311 476 1371 ut
497 1308 537 1371 ad
559 1310 643 1371 uiam
666 1313 784 1372 rectam
800 1309 885 1372 urrllo
902 1302 1079 1388 suo‘ductu,
1103 1309 1158 1372 sed
1178 1308 1313 1371 uiolento

174 1414 298 1475 tantum
322 1412 455 1475 auctoris
478 1412 608 1494 imperio
631 1413 839 1495 pertrahatur.
878 1430 937 1495 quo
967 1432 1081 1496 genere
1114 1431 1184 1475 eum
1217 1411 1312 1475 etiam

174 1514 409 1578 insensibilibus
426 1514 604 1580 adsimilare
620 1516 781 1580 contendit
797 1516 970 1595 elementis,
995 1520 1029 1581 ut
1045 1516 1125 1579 sicut
1141 1515 1178 1578 de
1194 1516 1313 1579 ratione

174 1624 339 1698 terrarum,
361 1637 441 1700 quae
464 1619 542 1683 nihil
565 1618 717 1683 ubertatis
734 1620 861 1684 arbitrio
878 1639 933 1684 suo
949 1619 1120 1703 proterunt,
1144 1636 1223 1701 quae
1242 1637 1313 1702 pro·
1342 1635 1365 1671 ιο

175 1724 258 1803 priae
293 1722 494 1786 fecunditatis
525 1723 653 1806 ignarae
684 1726 773 1804 snut,
808 1724 920 1805 quibus
955 1742 1065 1787 sensus
1096 1724 1224 1786 alieuius
1257 1740 1314 1785 nec

175 1826 303 1891 libertas
327 1826 466 1910 subpetit
489 1845 546 1890 nec
569 1828 725 1907 uoluntas,
748 1829 874 1910 frugum
898 1832 1003 1891 tamen
1024 1830 1194 1910 prouentus
1212 1846 1248 1889 ex
1263 1826 1312 1889 his

176 1931 293 1994 cultore
316 1934 464 2012 operante
487 1932 661 2013 capiuntur,
692 1932 737 1995 ita
767 1950 803 1994 ex
832 1931 958 1995 homine
990 1931 1027 1994 ab
1057 1931 1141 1994 omni
1170 1930 1312 1994 exercitio

176 2034 299 2099 uirtutis
330 2034 428 2098 otioso
458 2035 595 2099 iustitiae
626 2036 744 2098 fructus
774 2054 811 2099 ac
841 2035 993 2099 bonarum
1024 2053 1129 2098 rerum
1156 2035 1311 2116 adpetitus

177 2142 269 2220 atque
292 2139 450 2221 profectus
473 2138 538 2201 solo
555 2138 612 2203 deo
634 2139 800 2203 insistente
816 2143 980 2203 sumantur
1004 2142 1044 2218 et,
1069 2140 1158 2220 quasi
1177 2139 1209 2201 in
1226 2138 1311 2201 nullo
1340 2156 1364 2193 re

176 2242 223 2305 uel
240 2242 357 2305 sentiat
372 2242 423 2304 uel
439 2243 624 2322 consentiat,
647 2243 700 2322 ita,
721 2261 934 2325 quaecumque
950 2243 1113 2325 adpetierit
1128 2243 1311 2326 gesserime,

176 2346 207 2409 iu
229 2346 315 2409 nullo
338 2346 377 2409 ad
400 2348 548 2409 conatum
571 2347 636 2409 eius
659 2364 696 2410 ac
723 2345 862 2411 studium
889 2347 1042 2429 pertinere
1069 2345 1252 2437 iudicentur,
1281 2349 1312 2409 et

176 2451 255 2514 sicut
276 2468 363 2515 mare
386 2468 548 2534 magnum,
579 2451 659 2532 qnod
689 2451 749 2514 huc
777 2456 870 2533 atque
898 2452 971 2515 illuc
994 2453 1096 2514 uentis
1120 2448 1311 2533 agitantibus

177 2554 344 2634 uolutatus,
371 2556 416 2618 ita
442 2555 482 2618 ad
503 2554 717 2636 quodcumque
738 2554 857 2619 bonum
880 2555 1000 2619 lacinus
1025 2555 1090 2618 sine
1113 2555 1175 2618 ullo
1199 2554 1311 2617 affectu

176 2676 230 2722 suo
260 2658 326 2723 solo
356 2659 482 2722 diuinae
510 2659 675 2741 potestatis
710 2659 836 2742 inpulsu
868 2679 957 2723 mens
987 2660 1125 2722 humana
1155 2662 1308 2721 uersetur.
1337 2671 1363 2709 ²0

177 2781 254 2843 quae
276 2781 350 2826 cum
372 2763 416 2826 ita
439 2764 512 2843 sint,
540 2762 568 2825 si
594 2762 754 2826 hominem
773 2764 804 2827 'a
834 2764 958 2827 sinistra
989 2763 1061 2825 mali
1094 2780 1155 2825 non
1186 2764 1312 2824 reuocat

177 2866 363 2946 intellectus,
386 2867 413 2929 si
437 2866 475 2930 ad
499 2866 658 2930 dexteram
681 2867 754 2931 boni
777 2886 840 2931 non
856 2867 970 2930 excitat
993 2866 1139 2945 ambitus
1164 2866 1226 2928 iam
1249 2883 1310 2928 uon

176 2970 309 3034 hominis
333 2970 488 3034 tenebitur
511 2970 696 3051 conditione,
721 2972 775 3034 sed
798 2972 933 3054 pecudis.

217 3074 297 3138 llcce
320 3074 493 3138 haereticus
516 3073 574 3137 sub
598 3078 759 3156 praetextu
782 3075 901 3158 gratiae
925 3074 1049 3155 qualem
1069 3073 1311 3137 uulthominem

178 3197 243 3241 esse
265 3182 336 3261 post
359 3179 502 3261 gratiam.
539 3179 644 3259 itaque
667 3179 694 3241 si
715 3179 849 3243 liberum
873 3178 1038 3242 arbitrium
1061 3196 1097 3240 en
1121 3180 1186 3241 toto
1208 3178 1309 3260 periit,
1337 3191 1363 3229 ²⁵

178 3283 256 3363 quod
278 3282 384 3363 utique
407 3283 440 3345 in
464 3300 569 3345 amore
592 3283 786 3347 innocentiae
816 3283 865 3345 uel
889 3282 1066 3363 operatione
1094 3282 1232 3345 iustitiae
1260 3281 1309 3343 uel

179 3386 208 3448 in
234 3386 368 3470 corporis
399 3385 645 3450 sanctificatione
675 3387 825 3465 consistit,
857 3386 883 3449 si
913 3386 971 3449 hoc
999 3404 1035 3448 ex
1062 3389 1128 3449 toto
1158 3385 1191 3447 iu
1218 3384 1310 3467 primi

179 3489 310 3554 hominis
326 3490 592 3573 praeuaricatione
609 3490 768 3554 sublatum
786 3494 844 3569 cst,
862 3490 1014 3571 quomodo
1030 3489 1181 3573 legimus:
1205 3488 1311 3551 iusti·

179 3594 264 3657 tiam
290 3594 440 3673 discite,
471 3594 533 3675 qui
563 3592 746 3657 habitatis
779 3598 931 3673 terram,
963 3597 994 3656 et
1023 3594 1155 3656 iterum:
1186 3592 1309 3655 iustus

180 3702 297 3762 autem
321 3717 362 3761 er
384 3697 460 3761 fide
483 3717 563 3761 mea
586 3697 696 3778 uiuit,
725 3701 772 3761 et:
801 3697 892 3761 iusti
915 3696 1124 3760 hereditate
1147 3694 1310 3779 posside·
1337 3690 1383 3749 oo'

277 3895 323 3963 28]
343 3894 412 3947 Esai.
431 3897 473 3958 26,
485 3898 509 3949 9.
571 3894 615 3963 29]
635 3894 715 3947 chr.
737 3897 777 3958 lo,
791 3896 831 3949 38.
886 3893 931 3962 30]
950 3893 1048 3947 Psalm.
1067 3896 1109 3957 311,
1125 3896 1163 3948 ll.

219 4075 433 4145 dpersuationis
456 4076 483 4129 P
551 4074 678 4129 intelectu
701 4078 728 4129 P
798 4074 1023 4145 blocuplitotum
1048 4075 1076 4128 P
1144 4041 1262 4127 iductd
1286 4077 1312 4129 P

180 4166 195 4217 9
211 4162 342 4216 elimentis
361 4164 389 4216 P
436 4164 467 4215 16
486 4161 524 4215 ita
536 4178 715 4230 quaecumque
728 4164 841 4231 correxi,
860 4163 948 4230 itaque
961 4178 1022 4214 curn
1035 4178 1100 4229 quae
1120 4162 1153 4227 P,
1172 4160 1210 4213 ite
1222 4176 1311 4215 cremo

183 4252 211 4304 19
230 4256 291 4318 poet
312 4248 413 4302 bonum
440 4250 509 4303 male
529 4251 652 4303 emerunt
673 4249 755 4306 uelo
825 4252 858 4305 23
876 4248 982 4317 pecodis
1006 4249 1033 4302 P
1084 4250 1117 4303 24
1136 4246 1266 4301 hereticus
1285 4248 1312 4303 P

182 4336 212 4389 25
229 4335 332 4405 itaquae
351 4336 378 4389 P
429 4337 462 4391 26
480 4334 588 4403 utiquae
606 4336 633 4389 P
