3100 4892
509 465 737 535 Epistularum
755 464 811 519 lib.
824 465 853 520 11
873 469 981 522 10-11.
1253 464 1314 529 387

174 641 231 702 aut
257 639 330 703 filio.
377 639 431 703 sed
459 639 534 721 quia
560 644 592 704 et
614 644 741 704 sanctus
764 640 921 706 Iohannes
945 641 1105 724 apostolus
1128 641 1161 705 in
1185 640 1316 724 epistola

174 761 232 806 sus
260 743 332 806 unis
363 742 541 826 eisdemque
565 747 596 808 et
617 744 759 827 patribus
783 749 816 808 et
838 744 1004 809 iuuenibus
1027 744 1135 809 scribit
1158 748 1189 809 et
1210 745 1315 828 pueris

175 847 296 911 dicens:
321 846 444 911 scribo
467 848 590 928 uobis,
613 851 754 931 patres,
779 849 865 931 quic
885 849 1118 931 cognouistis
1135 865 1229 928 eum,
1253 847 1316 930 qui

173 950 217 1015 ab
238 952 347 1016 initio
368 955 433 1015 est.
473 951 595 1015 scribo
620 952 741 1032 uobis,
764 953 936 1032 iuuenes,
961 954 1047 1034 qnia
1069 953 1220 1016 dicistis
1244 969 1316 1014 ma-

172 1055 326 1139 lignum.
355 1054 474 1122 scribo
501 1057 622 1136 uobis,
645 1058 767 1139 pueri,
791 1057 879 1138 qnia
901 1057 1136 1140 cognouistis
1158 1060 1314 1140 patrem,
1342 1081 1355 1120 s

173 1178 236 1241 qua
258 1160 442 1224 discretione
464 1159 633 1224 uerborum
655 1179 717 1224 non
740 1164 877 1224 aetatem
901 1161 1060 1224 exterioris
1082 1159 1229 1240 hominis,
1260 1160 1316 1224 sed

173 1264 356 1345 qualitatem
379 1264 533 1329 interioris
557 1265 711 1347 adsignat,
739 1267 771 1328 in
795 1268 947 1346 quantum
972 1265 1055 1329 enim
1078 1264 1110 1327 in
1133 1263 1182 1328 dei
1209 1263 1315 1347 cogni-

174 1369 259 1433 tione
283 1386 320 1432 ac
342 1369 507 1434 dilectione
530 1369 718 1451 proficimus,
749 1372 855 1452 patres
879 1369 947 1433 sine
970 1368 1063 1432 dubio
1086 1385 1314 1452 nuncupamur,

173 1473 207 1537 in
230 1476 384 1554 quantum
406 1493 481 1539 uero
504 1478 613 1539 contra
633 1476 857 1552 aduersarium,
881 1475 933 1554 qui
956 1475 1144 1554 tamquam
1168 1472 1225 1537 leo
1249 1473 1316 1535 cir-

173 1577 255 1640 cuit
277 1595 473 1658 quaerens,
498 1597 603 1660 quem
627 1577 795 1657 deuoret,
819 1577 950 1641 uiriliter
967 1576 1161 1655 dimicamus
1184 1577 1315 1640 iuuenes
1344 1600 1368 1638 ro

174 1699 244 1744 osse
268 1682 493 1763 cognoscimur,
517 1681 549 1746 in
573 1685 725 1763 quantum
749 1699 825 1745 uero
846 1681 1003 1746 socordiae
1020 1681 1216 1761 desidiaeque
1232 1697 1317 1744 conr-

173 1785 332 1848 mittimur
348 1789 380 1848 et
403 1786 442 1849 ud
464 1787 666 1850 incedendam
690 1786 910 1850 mandatorum
932 1786 1018 1849 niam
1041 1784 1112 1848 fidei
1135 1783 1315 1848 infirmitate

173 1888 337 1952 deficimus
369 1894 462 1971 atque
492 1891 532 1953 ad
558 1890 733 1953 contuenda
755 1908 791 1953 ac
813 1889 992 1972 peragenda
1013 1892 1180 1971 praecepta
1211 1888 1317 1953 diuina

174 2011 194 2056 a
209 1992 420 2056 saecularium
436 1998 562 2057 actuum
577 1994 749 2058 intentione
765 1993 854 2074 quasi
871 2013 886 2056 e
902 2011 1011 2057 somno
1028 1993 1187 2075 segniores
1208 1991 1316 2056 adsur-

176 2097 293 2179 gimus,
317 2097 492 2161 rectissime
514 2115 682 2180 puerorum
704 2097 832 2161 leuitate
855 2115 1028 2160 censemur.
1342 2119 1366 2158 1⁵

217 2199 309 2264 Unde
325 2205 356 2265 et
372 2201 529 2283 apostolus
545 2201 662 2264 Paulus
678 2200 722 2265 itu
737 2204 917 2265 commonet
932 2201 1164 2283 neglegentem:
1189 2217 1313 2282 surge,

172 2305 235 2387 qui
258 2305 412 2384 dormis,
437 2308 474 2368 et
496 2323 654 2388 exsurge
678 2323 696 2368 a
719 2304 877 2369 mortuis
909 2307 946 2367 et
967 2304 1129 2386 continges
1153 2301 1313 2367 Christum

173 2408 242 2472 siue
273 2407 517 2473 inluminabit
546 2413 581 2473 te
610 2408 791 2473 Christus.
838 2425 911 2472 uam
943 2411 974 2470 et
996 2407 1141 2471 dominus
1163 2407 1195 2471 in
1219 2425 1314 2470 eucn-

172 2513 266 2596 gelio,
297 2530 369 2576 cum
400 2513 428 2575 ei
451 2530 470 2576 1
492 2512 767 2576 circumstantibus
792 2513 957 2576 diceretur:
990 2529 1074 2574 ecce
1105 2513 1221 2575 mater
1251 2514 1316 2575 tua

174 2619 212 2680 et
242 2615 382 2680 fratres
412 2617 467 2680 tui
497 2619 681 2697 quaerunt
710 2618 747 2679 te
774 2617 946 2680 uolentes
970 2615 1096 2678 uidere
1118 2617 1169 2694 te,
1199 2615 1244 2679 ita
1265 2633 1314 2678 re·
1340 2638 1367 2678 ro

173 2719 314 2802 spondit:
343 2737 434 2801 quae
458 2724 514 2784 est
537 2723 655 2785 mater
678 2737 759 2783 mea
781 2723 844 2783 aut
867 2721 929 2802 qui
952 2722 1039 2783 sunt
1060 2718 1198 2782 fratres
1222 2718 1313 2782 mei?

173 2828 206 2888 et
228 2823 397 2888 ostendens
421 2826 577 2907 apostolos
600 2827 766 2906 sequentes
790 2843 838 2888 se:
870 2842 989 2889 nonne
1013 2823 1054 2902 ii,
1085 2823 1148 2904 qui
1169 2822 1314 2886 fuciunt

172 2929 413 2992 uoluntatem
435 2929 555 3012 patris
578 2929 671 2993 mei?
705 2932 806 2991 mater
829 2929 913 2991 enim
930 2927 1046 2992 Christi
1061 2927 1120 2990 dici
1135 2944 1313 3008 possumus,

172 3032 298 3114 quando
322 3031 482 3097 Christum
505 3033 596 3097 corde
618 3035 789 3116 gestamus.
825 3049 899 3096 nam
922 3035 953 3095 et
976 3033 1086 3095 sancta
1099 3029 1209 3109 Maria,
1233 3047 1312 3111 quae

173 3139 206 3201 et
235 3137 325 3219 uirgo
355 3137 504 3219 concepit,
538 3137 626 3220 uirgo
655 3137 786 3219 peperit,
822 3135 908 3218 uirgo
937 3135 1119 3216 permansit,
1150 3133 1312 3197 dominum
1339 3157 1364 3196 cs

174 3244 318 3304 nostrum
334 3257 396 3304 non
412 3241 564 3322 conplexu
579 3240 672 3320 uirili,
689 3239 744 3302 sed
758 3238 820 3303 fide
835 3239 1003 3302 maritante
1018 3239 1167 3319 concepit.
1199 3238 1311 3301 tratres

173 3362 248 3408 uero
272 3343 369 3426 ipsius
392 3343 556 3424 efficimur,
580 3343 702 3425 qnando
725 3343 771 3406 ita
785 3344 885 3406 uitam
901 3345 1041 3406 nostram
1057 3341 1142 3405 omni
1158 3341 1312 3405 uirtutum

173 3466 288 3530 genere
319 3448 523 3530 disponimus,
557 3448 715 3527 fulcimus,
750 3463 907 3526 ornamus,
941 3448 977 3509 ut
1005 3444 1135 3508 heredes
1166 3444 1215 3508 dei
1243 3463 1312 3509 esse

173 3552 331 3634 possimus
347 3554 378 3615 et
398 3551 565 3616 coheredes
586 3549 711 3615 Christi.
750 3550 800 3614 cui
823 3549 907 3614 euim
930 3549 1069 3628 dubium,
1093 3550 1185 3630 quod,
1209 3548 1235 3612 si
1258 3549 1312 3612 he-

278 3723 306 3793 3]
327 3722 484 3789 lIoann.2‚
499 3725 539 3779 13.
593 3723 621 3793 9]
642 3726 655 3778 1
674 3722 745 3776 Patr.
759 3725 784 3786 5,
797 3726 820 3778 8.
875 3721 920 3790 16]
938 3719 1043 3790 Epht,
1058 3721 1097 3775 14.
1153 3719 1196 3789 19]
1215 3717 1311 3772 Metth.

175 3813 216 3879 12,
227 3813 275 3874 472
294 3809 376 3863 Marc.
393 3812 417 3874 3,
436 3812 476 3866 22.
548 3809 594 3878 21]
612 3809 675 3862 an.
689 3811 713 3873 8,
725 3811 772 3872 20;
792 3809 872 3862 Maro.
885 3811 910 3872 3,
922 3809 964 3864 33.
1036 3805 1082 3876 22]
1101 3805 1196 3860 liatth.
1218 3809 1257 3870 12,
1271 3809 1312 3862 50.

174 3897 219 3967 28]
239 3897 353 3961 Roma.
369 3899 409 3952 11.

216 4051 475 4108 terito-eriboni
523 4051 705 4108 uincentes
756 4051 988 4107 ddiscrih'oueS
1038 4049 1167 4105 meotes
1216 4051 1312 4116 iqua·

173 4140 250 4194 litate
279 4141 302 4196 S
364 4143 397 4196 lo
424 4155 536 4208 querens
563 4141 587 4194 S
646 4139 750 4191 iuuenis
780 4139 803 4195 S
855 4141 885 4194 11
914 4135 1097 4206 cognoscimus
1126 4136 1149 4191 S
1203 4136 1312 4189 commi-

173 4226 304 4282 timusS
373 4228 406 4281 14
428 4224 637 4281 seculariumS
704 4225 882 4292 siguioresS
951 4226 983 4279 15
1001 4222 1111 4277 leuitate
1129 4239 1152 4288 o,
1175 4221 1315 4276 leuitaeS

175 4315 206 4369 17
225 4312 402 4382 contingisS
462 4315 494 4370 18
512 4311 727 4368 inluminsuitS
788 4313 822 4367 20
841 4311 998 4380 queruntS
1058 4310 1084 4362 te
1102 4308 1192 4364 ornas*
1242 4307 1313 4364 2211

174 4401 280 4469 scripsi,
298 4398 338 4453 hii
358 4400 386 4467 S,
404 4399 434 4454 hi
451 4399 532 4455 rKr.
586 4401 620 4453 24
638 4413 690 4466 que
710 4399 734 4454 S
783 4399 817 4452 25
836 4401 863 4451 et
881 4398 930 4452 dcl.
944 4397 995 4451 Kr.

1107 4483 1157 4533 25*
