3100 4892
245 444 306 508 116
625 443 661 498 Π.
680 445 724 498 De
742 444 864 513 spiritu
883 447 996 499 sancto

242 619 316 701 quia
350 619 479 702 spiritus
513 622 641 684 sanctus
673 639 710 683 er
743 622 874 701 utroque
908 618 1060 704 procedit,
1094 617 1164 683 ideo
1198 618 1287 683 dicit:
1323 619 1382 701 qui

242 726 364 789 autern
388 724 562 805 spiritum
590 724 730 789 domini
761 741 832 788 non
862 723 989 804 habet,
1020 723 1080 786 hic
1111 741 1183 787 non
1207 726 1264 787 est
1287 723 1382 804 eius,

242 831 272 893 et
309 828 370 892 alio
408 830 490 893 loco:
531 829 751 894 insufflanit
789 831 824 892 et
861 829 968 893 dixit:
1007 827 1169 911 accipite
1207 828 1382 910 spiritum

241 936 420 998 sanctum.

202 1066 215 1105 s
284 1037 399 1102 Utrum
421 1037 578 1121 ingenitus
595 1037 774 1121 ungenitus
791 1038 841 1118 sit,
862 1037 1004 1120 requiris.
1040 1037 1117 1100 nihil
1134 1056 1170 1100 er
1185 1036 1244 1100 hoc
1261 1035 1384 1118 eloquia

241 1160 331 1206 sacre
360 1144 549 1224 cecinerunt,
580 1142 668 1206 nefas
699 1146 747 1206 est
777 1143 955 1224 inrumpere
988 1142 1094 1206 diuina
1117 1141 1250 1205 silentia.
1301 1139 1384 1222 quod

240 1247 316 1311 deus
345 1248 506 1330 scripturis
529 1247 596 1311 suis
618 1247 820 1311 indicandum
844 1265 912 1310 esse
935 1265 997 1311 non
1020 1246 1159 1326 credidit,
1190 1245 1384 1328 interrogare

240 1355 271 1414 te
294 1352 344 1414 uel
367 1351 445 1415 scire
469 1351 627 1434 superflua
648 1351 827 1415 curiositate
851 1352 958 1415 noluit.
1003 1351 1062 1414 hoo
1084 1350 1246 1434 peruenire
1270 1346 1384 1412 debere

240 1455 391 1519 iudicauit
413 1455 452 1519 ad
467 1455 690 1520 conscientiam
705 1459 805 1536 tuam,
829 1455 911 1537 quod
927 1455 1064 1539 pertinet
1079 1454 1118 1519 ed
1134 1455 1267 1518 salutem
1283 1457 1382 1516 tuam.

190 1585 216 1624 n
241 1559 314 1640 quid
337 1559 427 1623 nobis
451 1559 489 1624 de
511 1563 620 1624 sancto
643 1560 753 1642 spiritu
775 1560 816 1624 sit
835 1560 1033 1640 credendum,
1058 1561 1166 1623 sancta
1181 1557 1383 1622 consulamus

241 1663 371 1745 eloquia.
417 1663 476 1728 hoc
498 1665 601 1746 ipsum
630 1665 724 1744 enim,
752 1664 834 1746 quod
857 1664 900 1728 ait
922 1663 1066 1748 genitum
1088 1663 1198 1744 filium,
1228 1660 1383 1744 numquid

241 1765 343 1830 dicere
366 1767 507 1848 auderes,
531 1768 591 1832 nisi
610 1768 737 1832 caelesti
753 1788 789 1832 ex
806 1769 967 1850 scripturis
984 1769 1182 1832 attestatione
1199 1766 1382 1831 didicisses?

241 1874 295 1934 aut
326 1873 477 1953 numquid
507 1890 690 1972 usurpares!
708 1872 851 1936 adserere
880 1871 1040 1937 Christum
1071 1871 1233 1937 dominum
1263 1871 1315 1935 uel
1346 1888 1383 1934 er

240 1976 361 2058 uirgine
391 1979 587 2059 procreatum
616 1978 667 2041 uel
700 1996 735 2041 er
766 1995 925 2059 aequaeuo
957 1981 988 2041 et
1015 1979 1177 2042 coaeterno
1200 1978 1289 2059 patre
1312 1991 1382 2058 pro·

190 2104 214 2143 rs
239 2080 391 2163 genitum,
414 2080 474 2145 nisi
498 2099 533 2143 er
556 2081 688 2145 lectione
712 2081 913 2164 sumpsisses,
937 2081 997 2144 nisi
1020 2081 1057 2145 de
1078 2080 1134 2144 deo
1150 2080 1272 2145 diuinas
1287 2097 1381 2144 uoces

240 2185 488 2268 interrogasses?
512 2189 543 2249 et
558 2185 626 2248 ideo
643 2185 797 2267 quomodo
813 2186 928 2249 sentire
952 2185 989 2248 de
1005 2185 1116 2268 spiritu
1133 2187 1240 2249 sancto
1256 2183 1382 2264 debeas,

240 2290 278 2353 ad
301 2290 458 2372 apostolos
483 2293 514 2354 et
537 2289 703 2373 euangelia
724 2293 846 2373 oportet
869 2293 904 2354 ut
925 2290 1045 2369 redeas,
1068 2307 1140 2352 cnm
1164 2287 1277 2370 quibus
1301 2291 1333 2352 et
1348 2287 1383 2351 in

242 2392 356 2474 quibus
380 2393 473 2457 deum
496 2394 637 2458 locutum
660 2414 728 2459 esse
752 2412 815 2459 non
839 2394 974 2459 dubitas.

283 2495 327 2560 Ut
350 2515 423 2580 ergo
446 2497 485 2560 ad
508 2517 735 2579 superuacuam
757 2499 1001 2582 propositionem
1020 2502 1106 2564 tuem
1127 2498 1266 2578 redeam,
1290 2515 1385 2561 num-

188 2626 215 2664 ιο
242 2600 315 2681 quid
338 2601 369 2664 in
393 2601 451 2664 hoo
474 2606 523 2666 est
545 2603 643 2686 gloria
665 2604 716 2667 uel
740 2603 917 2668 substantia
940 2603 1067 2687 spiritus
1087 2605 1198 2683 sancti,
1222 2602 1248 2666 si
1264 2605 1319 2666 aut
1334 2601 1386 2666 in-

241 2706 366 2788 genitus
389 2706 538 2788 probetur
561 2711 616 2770 aut
634 2709 782 2791 genitus?
817 2725 890 2772 nam
907 2725 964 2772 nec
980 2707 1044 2772 filio
1060 2708 1227 2790 quicquam
1244 2706 1385 2790 derogat,

242 2808 324 2890 quod
351 2811 511 2894 ingenitus
536 2831 604 2875 esse
632 2812 841 2896 contegitur,
872 2831 929 2876 noc
951 2813 1043 2895 patri,
1067 2811 1150 2893 quod
1172 2813 1297 2896 genitus
1320 2829 1386 2876 non

241 2913 383 2978 habetur.
411 2915 443 2978 in
459 2915 673 2979 huiuscemodi
690 2916 886 2980 sermonibus
901 2917 1074 2999 proprietas
1091 2919 1139 2980 est
1155 2915 1386 2999 appellationis,

243 3035 305 3081 non
335 3019 499 3082 diuersitas
529 3021 695 3102 potestatis
719 3021 769 3084 uei
794 3021 976 3085 maiestatis.
1022 3021 1147 3104 genitus
1170 3023 1202 3084 et
1223 3020 1387 3104 ingenitus

190 3147 216 3186 ee
242 3140 393 3203 personae
417 3126 465 3187 est
487 3124 671 3205 differentia,
699 3143 761 3189 non
786 3129 924 3189 naturae.
971 3143 1041 3188 oum
1066 3143 1139 3210 ergo
1163 3125 1200 3189 de
1223 3125 1331 3208 genito
1357 3129 1388 3190 et

243 3227 381 3308 ingenito
413 3227 535 3292 inutilia
569 3232 600 3292 et
632 3247 693 3293 non
724 3231 899 3294 necessaria
930 3233 962 3293 et
991 3230 1064 3294 solis
1096 3229 1262 3294 calumniis
1294 3247 1387 3314 opor·

243 3333 322 3394 tuna
351 3332 402 3395 uel
426 3331 537 3396 dixeris
561 3334 610 3396 uel
635 3333 779 3414 audieris,
810 3334 961 3416 numquid
984 3334 1015 3398 in
1038 3334 1097 3398 hoo
1119 3333 1180 3397 fine
1203 3337 1287 3398 stare
1312 3351 1387 3399 con-

243 3437 350 3498 tentus
374 3436 457 3499 eris?
502 3441 586 3501 certe
609 3439 720 3519 adhuc,
743 3442 851 3503 utrum
878 3439 952 3502 deus
976 3439 1027 3518 sit,
1049 3437 1263 3522 interrogabis.
1313 3457 1387 3504 cum

349 3661 376 3728 l]
395 3661 470 3715 Rom.
484 3667 509 3726 8,
522 3667 546 3718 9.
601 3664 629 3731 3]
649 3662 741 3718 ioann.
755 3667 796 3728 20,
810 3667 850 3720 22.

289 3871 384 3939 lquia
404 3889 484 3928 om.o
545 3873 626 3927 adm
643 3873 674 3941 V,
693 3873 792 3929 Christi
813 3875 840 3928 P
900 3874 970 3930 asir
988 3889 1022 3928 an
1040 3873 1146 3944 genitus
1165 3873 1193 3930 P
1252 3873 1387 3931 dirmm-

244 3972 304 4025 pere
323 3958 357 4026 P,
376 3974 547 4028 erumperet
608 3958 794 4017 ‘lindicareo
855 3964 995 4030 stepaso
1013 3963 1079 4015 scire
1097 3963 1175 4017 Most
1193 3963 1219 4016 P
1280 3963 1387 4018 9indi-

245 4045 349 4099 cauito
408 4049 439 4100 10
458 4045 568 4101 uobise
627 4050 656 4103 ll
678 4048 820 4116 numquid]
840 4048 997 4116 iniquumo
1051 4051 1083 4106 13
1102 4047 1222 4117 nunquid
1236 4050 1263 4104 P
1316 4067 1387 4104 asse-

244 4147 300 4184 rere
327 4133 355 4186 P
429 4137 459 4188 14
487 4149 602 4202 aequeuo
630 4136 658 4189 P
731 4138 763 4190 ro
791 4136 981 4191 consentireo
1056 4139 1088 4192 19
1118 4151 1388 4206 superuacaneamu

245 4219 365 4286 nunquid
387 4221 415 4274 P
482 4223 516 4275 20
539 4224 580 4274 est
601 4240 652 4277 om.
670 4223 712 4277 Po
781 4223 831 4276 hoc
849 4226 889 4277 eet
907 4221 1003 4292 gloria]
1027 4222 1077 4278 hac
1095 4223 1215 4291 gratiae
1286 4224 1386 4294 sancti]

244 4304 358 4359 habetur
376 4307 440 4362 add.
460 4307 487 4360 P
547 4308 569 4361 si
588 4309 645 4379 aut]
665 4309 734 4362 sicut
751 4311 777 4364 V
835 4312 866 4364 21
887 4310 1028 4379 profitetur
1044 4311 1070 4362 V
1120 4311 1153 4365 24
1172 4308 1327 4380 diuersitas]
1347 4315 1387 4364 cst

244 4394 307 4448 odd
326 4395 351 4446 V
401 4394 443 4448 uel
457 4395 603 4449 maiestatis
621 4398 715 4452 cori
764 4399 799 4452 26
819 4397 949 4466 ingenito]
969 4397 991 4450 d
1009 4398 1073 4452 cdd.
1092 4399 1115 4452 1⁷
1166 4397 1297 4466 cairipniis
1317 4399 1346 4453 P
