3100 4892
647 436 792 493 xrsorn
810 441 833 494 o.
1265 438 1308 503 73

167 622 343 701 cogentem.
381 616 457 681 item
481 616 557 680 dnm
584 616 671 680 dicit:
699 633 770 680 non
799 634 839 679 ex
867 613 1056 697 operibuS,
1087 614 1199 678 asserit
1225 614 1308 678 circa

168 740 221 785 eos
245 739 308 786 non
330 721 409 805 legis
432 739 535 804 opera,
559 738 637 803 quae
659 720 765 802 utique
782 719 921 783 nondum
938 719 1116 799 aduenerat,
1140 718 1306 783 sedetiam

166 830 241 891 ante
261 827 367 910 legem
382 824 506 890 diuinm
521 824 749 889 misericordiae
765 842 801 889 ac
816 822 1046 888 munificentiae
1062 824 1143 887 dona
1158 823 1306 907 uiguisse.

167 948 240 995 non
272 949 314 994 ex
345 929 536 1013 operibus,
565 930 675 1012 inquit.
714 929 802 993 audis
832 928 910 1012 legis
941 946 1035 1011 opera
1061 928 1180 992 destrui
1210 930 1241 992 ot
1271 931 1306 992 tu

165 1038 334 1118 propterea
359 1034 465 1116 inepto
492 1054 587 1098 sensu
609 1034 704 1097 etiam
728 1032 787 1097 sub
814 1032 932 1116 gratiae
958 1033 1028 1117 lege
1057 1032 1199 1096 uiuentes
1229 1032 1307 1097 alios
1346 1060 1359 1099 s

165 1141 234 1204 sinc
265 1139 412 1222 operibus
441 1139 559 1222 gratiae
589 1138 688 1203 credis
719 1156 812 1221 posse
843 1137 972 1218 saluari,
1003 1136 1080 1201 alios
1111 1136 1205 1201 etiam
1235 1154 1307 1201 cum

165 1244 314 1326 operibus
340 1242 525 1325 prohibente
552 1243 687 1307 naturali
713 1261 794 1306 nexu
822 1246 853 1306 et
878 1243 947 1325 lege
970 1240 1057 1306 fatali
1080 1240 1174 1306 ianua
1197 1242 1307 1305 salutis

165 1349 300 1413 excludi.
338 1346 450 1413 Iacob
473 1348 599 1427 dilexi,
622 1346 720 1411 Esau
741 1350 866 1411 autom
889 1345 970 1411 odio
993 1344 1115 1410 habui.
1154 1346 1307 1428 quomodo

164 1454 217 1517 hic
246 1454 334 1517 iuxta
361 1452 451 1535 praui
479 1470 589 1516 sensus
616 1452 818 1534 interpretem
845 1451 926 1515 circa
953 1450 1092 1515 nondum
1119 1454 1209 1515 natos
1237 1469 1308 1514 scn-

164 1558 269 1622 tentia
290 1556 432 1621 caelestis
456 1556 628 1620 exseritur?
665 1574 723 1618 nec
749 1574 820 1619 reus
844 1554 927 1618 enim
952 1573 1020 1618 esse
1042 1558 1147 1638 potest
1169 1555 1308 1619 nondum
1336 1582 1360 1621 ro

163 1662 296 1744 genitus
326 1679 384 1724 nec
410 1658 550 1724 dilectus.
588 1659 665 1723 nihil
693 1659 777 1723 enim
809 1664 945 1723 meretur
973 1658 1112 1724 nondum
1139 1658 1308 1741 productus

164 1767 196 1829 in
228 1766 344 1845 lucem,
374 1765 430 1828 sed
460 1764 542 1829 sicut
570 1764 603 1828 in
633 1764 775 1828 uturum
806 1763 906 1829 adhuc
936 1765 1004 1827 erat
1035 1781 1141 1828 eorum
1172 1764 1309 1847 reposita

164 1869 375 1949 conuersatio,
404 1868 449 1932 ita
478 1869 584 1933 lutura
612 1870 814 1952 praescientis
846 1869 985 1949 offensio,
1017 1869 1121 1933 futura
1152 1886 1308 1951 praenun-

163 1976 262 2039 tiatur
286 1974 405 2038 electio.
443 1992 517 2037 nam
541 1974 646 2037 diuina
668 1974 863 2055 prouidentia
890 1974 970 2038 sient
997 1974 1085 2038 nouit
1111 1972 1247 2038 iudicare
1270 1973 1307 2037 de

161 2080 276 2164 gestis,
299 2079 344 2143 ita
365 2078 466 2143 adhuc
488 2077 632 2162 gerendis
655 2079 756 2142 nescit
777 2078 999 2161 praeiudicare.
1336 2106 1361 2145 rs

205 2184 312 2248 Nemo
335 2183 439 2265 itaque
461 2188 560 2267 putet,
584 2182 666 2265 quod
689 2182 837 2247 fratribus
861 2183 1000 2247 nondum
1016 2183 1098 2247 natis
1114 2183 1309 2247 diuersorum

162 2288 340 2354 necessitas
370 2288 411 2352 sit
439 2286 576 2371 praefixa
604 2288 798 2368 meritorum,
829 2306 900 2351 cnm
931 2287 989 2351 hoc
1017 2292 1088 2370 post
1115 2292 1308 2351 transactam

161 2393 249 2457 uitae
279 2392 424 2457 militiam
452 2392 490 2456 de
513 2391 559 2455 eis
581 2391 754 2455 Malachiae
782 2392 934 2475 propheta
957 2394 1182 2456 commemoret
1211 2395 1244 2455 ot
1271 2390 1308 2455 de

160 2498 335 2581 praeterito
364 2515 472 2561 eorum
501 2500 585 2561 statu
616 2496 757 2560 diuinum
786 2496 925 2579 proferat
955 2496 1123 2560 manifesta
1152 2497 1308 2578 aequitate

160 2603 330 2667 iudicium:
364 2602 475 2666 Iacob
505 2601 632 2681 dilexi,
667 2600 764 2664 llsau
796 2605 919 2664 antem
950 2599 1032 2665 odio
1062 2600 1184 2665 habui.
1235 2601 1307 2683 quid
1335 2628 1361 2666 so

160 2709 283 2771 mirum
300 2709 357 2786 est,
377 2705 405 2769 si
420 2706 539 2770 iustitia
554 2705 665 2789 diligat
681 2705 893 2769 innocentiam
909 2707 939 2769 et
955 2708 1082 2788 respuat
1102 2705 1308 2787 iniquitatem,

161 2812 250 2895 apud
273 2828 368 2892 quam
392 2811 488 2874 etiam
511 2810 617 2875 futura
638 2811 833 2874 factasunt?
857 2810 939 2891 quod
960 2814 1066 2874 autern
1083 2810 1185 2873 minor
1201 2810 1309 2874 maiori

160 2936 199 2981 ex
232 2916 305 2998 lege
334 2915 597 3003 praeponituruet
626 2914 719 2979 Iacob
750 2914 893 2997 neglecto
923 2914 1019 2978 fratre
1050 2914 1201 2998 diligitur,
1236 2914 1309 2977 hinc

160 3020 260 3103 paulo
283 3017 471 3084 tardioribus
494 3019 667 3083 obscuritas
690 3018 838 3099 nascitur,
862 3018 945 3100 quod
963 3019 1121 3102 prolatum
1136 3018 1308 3082 dilectionis

160 3126 214 3189 uel
239 3124 303 3188 odii
326 3123 541 3188 testimoninm
563 3122 702 3187 nondnm
726 3123 808 3186 natis
830 3122 979 3186 iratribus
1003 3122 1205 3203 arbitrantur,
1233 3122 1308 3186 dnm
1334 3148 1360 3188 rs

161 3235 196 3295 et
219 3229 385 3293 euidentes
408 3246 530 3308 causae,
561 3227 675 3310 quibus
697 3246 778 3291 nnus
807 3226 1012 3310 displicuerit,
1043 3228 1120 3291 alter
1146 3227 1308 3310 placuerit,

161 3334 417 3418 supprimuntur.
454 3334 486 3397 in
508 3332 558 3396 his
582 3350 654 3415 ergo
678 3331 799 3395 dnobus
823 3349 885 3396 non
901 3334 1032 3396 naturae
1047 3332 1114 3396 iura
1129 3330 1307 3421 hominibus

161 3438 396 3523 praefiguntur,
427 3437 482 3502 sed
512 3437 549 3501 de
579 3436 641 3501 fide
670 3437 815 3520 gentium
846 3440 878 3500 ot
908 3435 1091 3501 infidelitate
1122 3436 1307 3500 Iudaeorum

160 3544 305 3608 institiae
328 3546 448 3607 statuta
469 3545 642 3606 narrantur.
682 3560 744 3606 non
775 3540 860 3605 enim
888 3542 946 3606 hoc
973 3542 1041 3606 loco
1063 3542 1148 3606 iuxta
1170 3542 1307 3605 litteram

160 3664 319 3732 personae
343 3646 518 3729 specialiter
532 3664 765 3729 germanorum,
790 3645 844 3709 sed
859 3664 964 3710 rarum
980 3663 1092 3709 causae
1108 3664 1144 3709 ac
1160 3646 1307 3728 mysteria
1334 3670 1360 3709 so

161 3751 384 3817 describuntur
415 3750 538 3816 dicente
561 3750 701 3815 domino:
732 3750 825 3814 duae
855 3754 987 3833 gentes
1019 3752 1108 3814 sunt
1135 3750 1172 3813 in
1203 3754 1307 3813 utero

270 3984 318 4054 ao]
335 3983 398 4039 nn.
419 3987 442 4051 1,
454 3986 479 4040 a.
531 3982 577 4053 31]
596 3982 663 4038 oen.
681 3985 724 4048 25,
737 3985 779 4038 aa.

207 4193 393 4261 2ntiqnaaP
441 4190 615 4249 ddistrniP
665 4188 791 4246 doredos
804 4190 832 4244 P
882 4189 1067 4247 8exclndisv
1119 4194 1308 4247 autumnoue

161 4280 370 4351 9interpdrrem
389 4279 417 4334 P
477 4282 509 4336 15
527 4278 612 4334 scitu
673 4280 706 4333 lt
723 4277 829 4346 itaquae
848 4278 876 4331 P
934 4280 966 4334 18
980 4276 1098 4345 militiis
1116 4278 1144 4331 P
1203 4294 1307 4331 conme-

162 4398 254 4450 morat
271 4395 299 4449 P
349 4395 384 4449 aa
401 4391 437 4460 bt
454 4392 483 4447 P
497 4392 567 4459 (aar
584 4394 634 4460 ee)
686 4393 721 4447 eo
738 4389 859 4445 misera
876 4392 904 4446 P
955 4393 985 4447 31
1006 4356 1160 4445 ottradus
1177 4391 1205 4446 Ρ
