3100 4892
654 417 896 486 Prolegomena.
1243 418 1346 472 XXVII

204 593 276 656 inde
300 609 319 656 a
340 613 369 676 p.
388 591 452 656 314
473 595 656 674 recensitae,
686 611 794 675 quare,
824 595 850 658 si
872 613 924 658 me
946 594 1134 676 audireris,
1164 599 1291 659 centum
1314 599 1347 660 et

204 699 342 778 quinque
365 697 457 761 hodie
480 701 604 763 exstant
627 698 735 763 Fausti
758 717 929 763 sermones,

248 800 308 866 Sed
331 802 433 866 facere
456 820 518 866 non
540 819 680 886 possum,
703 803 777 884 quin
797 803 856 867 hoc
871 821 992 886 quoque
1006 804 1073 868 loco
1089 804 1224 886 ingenue
1244 804 1345 870 fatear

204 925 256 970 me
279 907 407 986 nescire,
431 925 471 970 an
494 907 598 990 plures
621 925 782 972 sermones
798 907 907 972 Fausti
921 912 1053 989 exstent,
1076 925 1151 973 nam
1172 909 1255 973 inter
1275 912 1345 974 tan-

203 1015 271 1074 tam
303 1028 482 1075 sermonum
515 1011 719 1094 farraginem,
755 1011 810 1094 qui
840 1013 880 1076 ad
909 1031 966 1076 nos
996 1031 1095 1094 usque
1125 1017 1344 1096 peruenerunt,

202 1133 302 1179 unum
326 1117 498 1180 alterumue
521 1116 622 1180 adhuc
643 1117 741 1180 latere
768 1135 870 1199 posse,
898 1119 1084 1200 praesertim
1111 1136 1182 1181 cum
1209 1120 1345 1182 sescenti

202 1220 323 1284 codices
346 1219 407 1283 huc
429 1221 621 1303 pertinentes
646 1221 784 1284 nondum
808 1222 928 1285 excussi
955 1221 1028 1303 sint,
1060 1222 1130 1304 quis
1161 1223 1343 1306 negauerit?

201 1327 312 1388 centra
334 1328 440 1388 autem
456 1325 539 1388 hunc
553 1324 685 1388 illumne
701 1343 876 1389 sermonem
894 1326 1017 1390 anobis
1034 1346 1051 1390 e
1066 1327 1224 1408 praesenti
1239 1345 1344 1391 rerum

201 1432 289 1492 statu
312 1429 427 1494 Fausto
457 1429 653 1512 assignatum
683 1429 757 1512 quin
785 1433 895 1513 postea
921 1430 982 1495 uiri
1008 1431 1091 1496 docti
1119 1448 1201 1495 noua
1222 1430 1255 1494 in
1277 1432 1343 1496 dies

200 1535 334 1598 materia
356 1534 395 1598 ad
417 1534 617 1598 homiliarum
640 1534 736 1598 crisin
759 1534 965 1598 factitandum
990 1539 1140 1618 congesta
1162 1535 1293 1600 fortasse
1316 1537 1344 1599 ei

200 1638 406 1702 abiudicaturi
428 1638 502 1718 sint,
526 1638 630 1702 nullus
654 1637 773 1718 dubito,
797 1657 1051 1722 quemquamne
1075 1640 1119 1704 sic
1141 1640 1269 1720 quidem
1289 1640 1344 1704 de·

200 1760 292 1825 spero
315 1761 365 1806 me
388 1741 498 1807 utilem
521 1743 553 1806 in
575 1743 661 1806 hisce
684 1742 777 1807 rebus
799 1743 984 1826 indagandis
1004 1745 1236 1827 consumpsisse
1256 1743 1343 1808 labo-

200 1867 280 1911 rem.
303 1847 444 1911 iacienda
466 1847 549 1910 enim
573 1849 647 1911 sunl
670 1849 799 1911 tandem
823 1848 990 1929 aliquando
1013 1847 1228 1927 fundamenta,
1252 1867 1342 1930 quae,

199 1952 324 2016 etiamsi
348 1951 427 2016 forte
450 1951 563 2016 cedant
586 1971 621 2014 ex
645 1954 743 2034 parte,
774 1956 882 2016 tamen
905 1952 1057 2032 funditus,
1088 1955 1124 2015 ut
1151 1971 1252 2034 spero,
1280 1971 1342 2017 non

199 2056 392 2120 disicientur.

244 2159 304 2225 Sed
326 2178 437 2243 operae
460 2161 595 2242 pretium
619 2179 687 2224 esse
706 2161 831 2225 uidetur
847 2178 1009 2242 exponere,
1032 2179 1094 2242 qua
1109 2161 1161 2224 uia
1176 2165 1206 2225 et
1220 2163 1341 2226 ratione

199 2284 246 2344 ea,
270 2283 349 2346 quae
372 2265 405 2328 in
426 2264 534 2329 libello
557 2283 652 2348 supra
675 2266 769 2330 allato
792 2266 892 2328 fusius
920 2267 1057 2347 exposui,
1085 2265 1248 2329 enucleare
1275 2269 1342 2330 stu·

198 2369 330 2434 duerim.
376 2387 411 2434 11
441 2387 513 2433 cum
545 2373 689 2434 ueterum
719 2369 901 2434 testimonia
928 2368 966 2432 de
990 2369 1122 2452 singulis
1145 2370 1341 2453 singulorum

198 2475 385 2556 scriptorum
415 2473 550 2538 homiliis
581 2476 667 2538 1111
693 2492 820 2557 perraro
844 2477 977 2553 exstent,
1008 2474 1149 2538 codicum
1172 2475 1341 2538 auctoritas
1426 2527 1431 2536 .

197 2579 231 2642 in
260 2579 446 2662 scriptorum
473 2578 653 2642 nominibus
682 2578 840 2642 tradendis
869 2579 997 2642 maximi
1020 2579 1171 2643 momenti
1194 2599 1262 2643 osse
1287 2580 1340 2643 de-

197 2682 297 2762 beret,
328 2683 397 2762 nisi,
429 2701 508 2764 qnae
537 2683 624 2746 initio
656 2701 675 2746 a
705 2682 856 2764 scriptore
884 2683 952 2763 ipso
979 2683 1030 2747 uel
1056 2683 1149 2766 paulo
1175 2687 1247 2765 post
1274 2683 1340 2747 eius

197 2789 332 2850 mortem
354 2787 388 2850 in
410 2805 509 2850 unum
532 2805 643 2870 corpus
665 2787 808 2850 redactae
837 2787 938 2850 editae
966 2790 1056 2850 erant
1076 2786 1233 2867 homiliae,
1260 2790 1340 2851 lem-

195 2909 309 2974 porum
340 2891 482 2971 decursu,
511 2895 603 2973 prout
634 2909 708 2954 usus
738 2890 869 2970 ferebat,
900 2893 955 2954 aut
984 2891 1125 2974 singulae
1152 2895 1207 2956 aut
1233 2891 1338 2974 plures

194 2996 327 3058 auulsas
350 3013 368 3059 1
390 2995 503 3060 ceteris
534 3014 605 3059 cum
633 2995 701 3060 aliis
730 2995 862 3059 aliorum
889 2995 1077 3077 scriptorum
1104 2995 1242 3059 homiliis
1269 3015 1339 3078 per-

195 3099 314 3162 mixtae
335 3103 447 3164 essent.
487 3099 560 3164 inde
576 3099 659 3163 enirn
676 3099 743 3163 fieri
758 3102 891 3182 poterat,
914 3102 950 3162 ut
965 3099 1032 3162 ueri
1048 3100 1207 3180 scriptoris
1223 3117 1338 3164 nomen

194 3203 394 3269 intercideret
409 3209 440 3268 et
454 3207 564 3286 postea
579 3205 664 3268 aliud
685 3222 800 3268 nomen
823 3203 987 3267 adderetur
1011 3221 1046 3266 ex
1070 3203 1197 3266 arbitrio
1218 3203 1338 3268 librarii

194 3313 253 3372 aut
281 3327 395 3373 nomen
425 3308 549 3391 aliquod
579 3310 714 3391 optimae
745 3313 837 3372 notae
864 3308 953 3372 uelut
978 3307 1133 3390 imprimis
1156 3305 1337 3390 Augustini,

193 3412 364 3493 Ambrosii,
387 3413 519 3478 Maximi
535 3413 747 3492 Taurinensis,
770 3412 884 3476 Leonis
900 3412 1010 3495 Magni
1033 3412 1237 3494 aliorumque,
1260 3430 1337 3494 quos

193 3535 356 3582 sermones
380 3518 541 3601 scripsisse
565 3518 693 3597 sciebat,
718 3517 933 3600 supponentis,
955 3521 1011 3581 aut
1031 3534 1145 3581 nomen
1166 3517 1336 3600 scriptoris,

192 3619 278 3703 quod
306 3622 501 3686 antecedenti
528 3622 674 3686 homiliae
697 3621 926 3704 praescriptum
949 3620 1135 3703 reperiebat,
1164 3621 1337 3703 111111111-

191 3747 255 3810 que
285 3726 489 3792 obtrudentis.
528 3745 606 3809 quae
637 3745 708 3790 11111
738 3727 782 3790 ita
812 3727 885 3805 sint,
915 3727 1052 3809 prImum
1083 3725 1253 3790 uidendum
1277 3731 1335 3807 est,

191 3849 271 3896 num
303 3835 423 3896 exstent
451 3831 521 3896 libri
555 3831 760 3913 manuscripti
794 3831 969 3913 complures
1004 3831 1143 3895 eiusdem
1178 3831 1335 3913 scriptoris

190 3936 337 4001 homilias
365 3936 557 4016 exhibentes
585 3935 698 4018 quibus
725 3935 806 3999 inter
835 3953 869 3998 se
896 3935 1016 3999 collatis
1039 3934 1177 4018 genuina
1198 3936 1334 4017 corporis

190 4039 357 4106 cuiusdam
385 4058 565 4105 sermonum
593 4040 695 4104 forma
717 4043 771 4103 aut
794 4038 918 4103 restitui
941 4043 995 4103 aut
1021 4038 1198 4103 adumbrari
1224 4041 1333 4121 possit,

190 4146 222 4210 id
248 4145 330 4225 qnod
352 4145 383 4209 in
400 4145 516 4210 Fausto
540 4148 645 4209 nostro
662 4144 751 4208 nobis
768 4143 935 4227 contigisse
951 4142 1134 4226 gaudemus.
1172 4162 1332 4207 sermones

190 4249 281 4314 anim
303 4248 347 4313 illi
369 4249 469 4330 latini,
492 4249 554 4330 qni
577 4249 689 4331 uulgo
706 4247 868 4312 Eusebio
883 4247 1057 4312 limisano
1080 4247 1333 4327 ascribuntur,

190 4371 385 4436 quamquam
412 4353 527 4418 falsum
556 4352 713 4435 scriptoris
738 4368 853 4416 nomen
877 4371 913 4414 ex
936 4352 1077 4416 omnium
1100 4351 1238 4416 uirorum
1261 4351 1333 4414 1111-
