3100 4892
613 440 710 494 Liber
728 442 741 495 1
759 444 836 496 5-o.
1252 440 1292 503 21

156 616 350 700 impietatem
364 618 465 681 neseis
481 618 635 700 refugere,
652 618 690 680 ad
702 616 958 680 Manichaeorum
973 616 1087 699 dogma
1100 616 1293 699 pestiferum,

156 721 204 803 qui
230 720 367 785 liberum
394 720 557 785 arbitrium
584 724 684 785 totum
708 721 875 805 denegant,
903 724 933 784 te
957 720 1104 803 intellege
1127 720 1301 811 declinare.⁸

697 930 751 993 Vl.

154 1074 305 1122 Quouooo
321 1074 587 1115 murcomannum
604 1074 668 1115 SIT:
694 1073 822 1133 Gaarrn,
846 1074 963 1133 lNQUl'l'7
987 1071 1291 1113 sAnU1rAcrlnsnls

153 1164 211 1202 PER
234 1162 344 1222 nunu,
367 1162 408 1201 BT
431 1161 493 1202 HOC
515 1161 577 1201 NON
591 1160 748 1203 annolus,
772 1162 827 1201 Dal
848 1162 924 1201 null(
945 1159 1054 1200 DONUN
1075 1158 1142 1219 aar,
1166 1159 1227 1200 NON
1249 1161 1289 1199 EX
1330 1154 1343 1191 5

155 1248 315 1308 chalamue,
338 1250 380 1289 NP·
402 1248 474 1296 QUIS
498 1248 684 1290 (thomarus.
716 1248 769 1289 UBI
790 1248 830 1288 ΕΤ
850 1246 942 1288 FIDES
963 1248 1056 1288 INTER
1071 1246 1174 1287 OPERA
1193 1246 1290 1287 NUNE·

154 1336 257 1377 BATUR
273 1337 314 1376 ET
330 1335 418 1377 curus
434 1336 525 1376 LEGIS
540 1335 919 1396 Pnalaa,c1nusaah'rlha
932 1334 1060 1375 MANEBB
1072 1334 1289 1376 assumamus.

193 1452 280 1519 Sicut
302 1455 383 1517 inter
406 1471 500 1536 opera
521 1454 600 1537 legis
624 1456 656 1517 et
675 1452 747 1516 fidei
763 1452 898 1516 desidiae
914 1452 1032 1515 amicus
1049 1454 1081 1515 ot
1096 1451 1290 1516 discretionis

154 1559 278 1641 ignarus
302 1558 341 1622 ab
363 1558 597 1641 intellegentiae
620 1557 744 1621 tramite
768 1557 911 1637 deuiasti,
934 1558 978 1621 ita
998 1557 1080 1620 inter
1096 1555 1156 1619 duo
1172 1557 1290 1639 gratiae

154 1667 292 1745 tempora
313 1662 548 1745 persuasionem
564 1646 651 1726 tuam
667 1663 840 1745 pessimum
856 1661 966 1725 ducem
983 1664 1108 1725 secutus
1131 1661 1289 1724 lucentem
1317 1676 1341 1713 10

155 1766 321 1831 catholicae
336 1766 410 1831 fidei
424 1768 567 1849 regulam
578 1765 749 1848 perdidisti.
780 1769 904 1847 tempus
920 1767 1049 1849 gratiae,
1066 1783 1125 1846 quo
1137 1765 1290 1847 redempti

155 1890 269 1952 sumus,
286 1870 398 1935 merita
413 1870 578 1935 hominum
594 1889 656 1935 non
673 1871 857 1954 expectauit,
874 1888 968 1952 opera
983 1871 1106 1951 penitus
1120 1888 1181 1933 nou
1194 1888 1290 1951 quae·

155 1976 234 2055 sinit,
259 1976 326 2039 sola
348 1975 425 2039 deus
448 1974 520 2038 fidei
539 1980 664 2039 nostrae
681 1974 845 2038 deuotione
862 1978 1025 2038 contentus
1041 1974 1100 2037 fuit
1117 1974 1289 2038 secuudum

154 2079 226 2143 ihud
250 2080 399 2162 apostoli:
429 2079 589 2143 credidit
614 2078 803 2143 Abraham
832 2078 897 2143 deo
925 2082 961 2143 et
987 2081 1201 2159 reputatum
1232 2082 1290 2144 est

154 2184 206 2247 illi
229 2184 272 2247 ad
295 2183 500 2263 iustitiam,
523 2184 604 2247 siout
626 2186 657 2247 et
679 2183 739 2247 alio
755 2184 823 2247 loco
839 2183 930 2247 dicit:
954 2184 1076 2247 iustus
1101 2186 1224 2247 autem
1247 2204 1288 2247 er
1317 2196 1340 2235 1⁵

153 2288 225 2351 lide
247 2306 327 2352 mea
348 2288 454 2352 uiuit.
491 2288 586 2369 quod
616 2288 646 2351 si
674 2287 907 2351 subtraxerit
937 2306 989 2368 se,
1021 2305 1092 2351 non
1122 2287 1289 2371 placebit

153 2393 291 2456 animae
314 2410 425 2484 meae.
463 2392 583 2457 iustum
610 2411 682 2455 eum
710 2396 806 2456 etex
833 2391 892 2455 fide
920 2392 1025 2456 uiuere
1049 2393 1191 2472 asseruit,
1215 2394 1287 2475 quia

153 2496 178 2558 ei
204 2495 299 2561 fidem
330 2499 362 2561 et
391 2497 544 2561 iustitiam
575 2497 736 2578 quaerenti
765 2497 935 2561 contulisse
967 2516 1000 2561 se
1031 2496 1184 2561 meminit.
1232 2498 1287 2561 sed

153 2599 292 2665 dicendo:
316 2600 410 2683 quod
434 2602 465 2664 si
487 2600 721 2665 subtraxerit
744 2620 796 2683 se,
821 2620 893 2665 oum
916 2602 955 2665 ad
978 2602 1069 2665 deuia
1091 2602 1285 2666 uoluntarius

153 2702 325 2781 declinabit,
349 2722 411 2768 non
433 2705 527 2788 periit
549 2706 638 2787 quasi
654 2706 832 2786 derelictus,
856 2707 908 2788 qui
931 2725 964 2771 se
986 2706 1140 2790 ingerenti
1163 2707 1285 2771 miseri·
1311 2724 1337 2761 ²⁰

153 2808 268 2872 cordiae
284 2808 438 2872 subtraxit
453 2809 606 2892 ingratus.
638 2810 715 2873 item
730 2809 771 2873 ad
785 2809 964 2874 Hebraeos:
989 2811 1138 2875 credere
1163 2814 1285 2874 auteur

153 2915 293 2994 oportet
308 2912 548 2977 accedentem
565 2914 608 2977 ad
624 2913 740 2993 deum,
756 2914 842 2996 quia
858 2918 928 2994 est,
953 2918 989 2979 et
1004 2914 1284 2997 inquirentibus

153 3035 186 3078 se
211 3020 470 3082 remunerator
498 3018 553 3081 fit.
597 3036 691 3099 quam
722 3018 802 3083 bene
834 3023 865 3082 et
896 3018 1013 3083 domini
1042 3018 1181 3083 officium
1212 3038 1285 3083 oon·

152 3120 248 3185 iunxit
260 3125 291 3185 et
304 3122 418 3186 famuli
433 3122 581 3186 dicendo:
605 3127 641 3186 et
661 3122 942 3205 inquirentibus
966 3143 1003 3188 se
1023 3127 1284 3188 remunerator

152 3224 201 3287 fit.
230 3225 309 3290 sicut
331 3227 417 3291 enim
440 3226 480 3290 ad
502 3226 596 3289 deum
616 3227 739 3310 largitio
754 3228 984 3309 remunerandi,
1008 3228 1053 3292 ita
1069 3229 1108 3292 ad
1122 3229 1283 3293 hominem
1310 3254 1336 3293 25

153 3328 268 3393 deuotio
290 3330 419 3414 respicit
440 3330 624 3412 inquirendi.

189 3432 248 3496 Sed
269 3434 345 3497 diois
367 3434 463 3498 fidem
494 3436 594 3517 ipsam
625 3454 687 3499 non
718 3435 863 3499 omuibus
890 3456 981 3520 posse
1008 3442 1181 3521 conpetere.
1221 3456 1282 3501 non

152 3535 259 3599 mirum
286 3537 313 3601 si
340 3538 470 3618 homini,
502 3539 540 3602 ad
572 3558 664 3620 quem
694 3540 830 3623 denegas
860 3560 953 3623 opera
985 3542 1155 3624 pertinere,
1187 3542 1281 3606 etiam

150 3638 239 3703 fidem
261 3644 386 3705 studeas
409 3642 568 3725 derogare,
593 3662 687 3725 quam
710 3644 913 3709 manifestum
937 3651 985 3710 est
1004 3647 1084 3710 inter
1100 3664 1194 3729 opera
1208 3666 1281 3711 con-

250 3838 292 3907 ll]
311 3838 369 3894 Gal.
389 3842 413 3904 3,
427 3842 450 3895 6.
506 3841 550 3909 15]
569 3840 650 3895 chr.
673 3846 712 3905 10,
726 3845 767 3899 38.
821 3844 867 3913 21]
886 3842 967 3899 Hebr.
988 3848 1028 3909 11,
1042 3848 1066 3900 6.
1112 3906 1114 3912 ,

190 4002 320 4057 lncscire
338 4003 425 4073 fugire
445 4007 472 4060 P
528 4006 727 4059 manicheorum
746 4008 773 4060 P
830 3975 981 4076 pestiferum
1007 4010 1033 4063 P
1097 4010 1230 4079 linquid
1255 4014 1282 4066 P

149 4092 205 4141 bet
222 4091 312 4145 cm.P
357 4092 496 4147 dintrao
543 4092 733 4147 ldiscribitur
750 4094 778 4147 P
824 4094 969 4177 8disidiae
989 4098 1032 4179 P¹
1061 4098 1280 4167 lliutellegontia

150 4208 278 4264 namra
296 4213 322 4266 P
379 4215 600 4283 reparasse
657 4218 689 4270 ra
707 4216 786 4269 auser
806 4218 833 4271 P
891 4221 921 4273 15
937 4184 1081 4273 irasciet
1101 4222 1128 4273 P
1180 4224 1212 4275 ro
1231 4237 1278 4274 uo-

150 4294 265 4349 luntariis
284 4298 310 4351 P
363 4302 395 4355 21
415 4298 526 4354 hebreos
545 4302 572 4355 P
628 4304 662 4356 23
680 4306 830 4357 remurator
848 4306 875 4357 P
930 4308 963 4361 25
982 4306 1066 4377 largio
1085 4308 1112 4360 P
1166 4310 1199 4362 27
1218 4324 1278 4381 pos-

151 4399 201 4437 sem
217 4385 245 4438 P
294 4388 326 4441 29
345 4385 501 4457 deputatio
