3100 4892
607 426 734 481 Liberi
754 430 830 483 7-8.
1246 427 1288 492 25

156 604 248 682 detur,
277 606 309 665 et
332 602 595 684 quemadmodum
622 604 693 685 post
722 603 847 667 diuersa
874 604 1044 667 bannalium
1072 603 1289 669 blandimenta

156 707 307 787 uitiorum,
336 724 415 789 quae
442 707 532 771 lueile
554 708 655 789 prima
683 710 769 771 uetes
797 712 915 771 statum
942 726 1034 772 sunm
1060 709 1198 773 retinens
1225 710 1297 781 oal·,

156 829 220 874 eure
235 810 399 893 potuisset,
423 830 495 875 oum
510 829 626 894 magno
641 813 811 877 luctamine
834 813 920 876 uelut
936 816 1043 877 eontra
1063 813 1150 877 ardui
1173 815 1288 877 montis

157 934 317 979 asoensum
340 915 379 979 ad
401 915 527 979 uirtutis
550 916 635 978 uiam
658 916 785 995 reditur,
813 916 858 980 ita
883 916 1013 980 hnmani
1037 916 1157 980 arbitrii
1184 936 1203 980 a
1231 916 1288 980 deo

157 1038 299 1083 roneessa
313 1019 441 1083 libertas
453 1019 562 1085 florem
578 1019 780 1103 uigoremque
796 1020 916 1103 gratiae
932 1038 1006 1083 suae
1022 1021 1165 1104 perdidit,
1181 1024 1287 1085 tamen
1328 1034 1341 1073 ⁵

157 1125 220 1206 ipsa
241 1142 304 1187 nou
327 1124 429 1207 periit,
452 1127 488 1187 ut
510 1123 616 1187 diuina
638 1142 769 1187 munera
789 1129 932 1189 nontam
949 1124 1113 1188 interdieta
1135 1124 1196 1188 sibi
1219 1145 1289 1189 sen·
1350 1134 1355 1146 ·

157 1230 219 1309 tiat,
243 1246 336 1311 qnam
359 1247 432 1292 oum
455 1247 578 1292 summo
600 1228 706 1293 labore
734 1246 771 1291 ao
798 1228 908 1292 sudore
935 1248 989 1312 per
1017 1229 1158 1293 adiutorii
1185 1233 1289 1312 patro-

158 1334 268 1396 cinium
291 1332 349 1396 sibi
371 1332 541 1415 repetenda
564 1352 633 1396 esse
656 1336 833 1415 eognoscat.

194 1437 279 1501 Audi
307 1436 520 1519 legislatorem
543 1436 580 1500 de
604 1438 776 1501 uoluntatis
805 1436 930 1503 arbitrio
959 1438 1187 1520 disputantem,
1218 1456 1289 1501 unm

158 1541 243 1605 dicit:
266 1542 373 1624 posui
394 1544 481 1605 ante
496 1541 631 1605 faeiem
646 1544 746 1605 tuam
762 1541 880 1605 uitam
905 1545 940 1605 et
963 1546 1132 1621 mortem,
1155 1540 1290 1605 bonum
1318 1558 1343 1597 ¹0

159 1648 190 1708 et
212 1646 358 1709 malum.
391 1646 488 1728 elige
510 1646 643 1724 uitam,
665 1648 706 1709 ut
727 1646 850 1725 ninas,
874 1645 1052 1710 etiterum:
1075 1646 1174 1709 uiam
1198 1646 1291 1709 ueri-

158 1750 242 1814 tatis
274 1750 386 1833 elegi,
421 1749 562 1813 iudicia
590 1753 655 1813 tua
685 1768 756 1814 non
787 1769 866 1814 sum
896 1749 1045 1815 oblitus.
1091 1750 1180 1813 uides
1210 1750 1291 1831 quod

159 1854 309 1917 neminem
331 1854 382 1917 hio
403 1854 518 1936 premit
548 1853 605 1917 fati
633 1854 684 1917 uel
714 1854 868 1937 inpositae
899 1853 1078 1937 perditionis
1110 1854 1290 1935 necessitas,

158 1956 701 2041 1111111113οἰὶςθηάἰροῖεεῖαε,
732 1976 833 2039 neque
862 1958 895 2021 in
926 1976 1021 2022 unam
1049 1962 1171 2041 partem
1195 1958 1291 2022 trahit

158 2062 403 2143 praedestinatio,
426 2060 480 2125 ubi
504 2061 664 2143 utriusque
682 2062 780 2144 partis
797 2061 934 2126 defertur
955 2062 1073 2125 electio.
1105 2062 1199 2126 item:
1222 2062 1292 2127 fiat
1319 2076 1343 2115 1⁵

159 2184 283 2229 manus
307 2170 384 2245 tua,
413 2169 453 2228 nt
479 2165 625 2229 saluum
655 2184 711 2237 me
740 2166 872 2246 faeiat,
902 2166 988 2248 qnia
1021 2166 1196 2230 mandata
1230 2170 1292 2230 tua

160 2270 265 2353 elegi,
294 2270 353 2333 hoo
381 2273 429 2333 est
458 2268 576 2333 diuers:
610 2269 801 2333 sollieitabat
831 2288 881 2333 me
913 2270 1040 2351 quidem
1069 2270 1102 2334 in
1132 2270 1291 2333 sinistram

159 2378 274 2455 partem
296 2374 470 2457 perniciosa
496 2373 606 2437 mundi
633 2374 796 2456 uoluptaS,
828 2374 945 2457 sedin
975 2374 1132 2438 dexteram
1163 2374 1292 2437 manda-

159 2479 258 2540 tomm
280 2481 406 2541 tuorum
429 2478 523 2541 traxit
545 2477 676 2541 utilitas.
717 2478 824 2559 itaque
841 2496 912 2541 unm
929 2481 1038 2561 gentes
1061 2479 1147 2561 ipsae
1163 2478 1202 2541 ad
1217 2479 1293 2541 mali

159 2579 266 2644 boniue
295 2580 443 2644 iudicium
470 2580 563 2644 insito
592 2580 651 2644 sibi
674 2581 849 2665 dirigantur
877 2581 1013 2661 arbitrio,
1044 2587 1160 2663 quanto
1191 2582 1291 2665 magis
1318 2598 1344 2636 ²⁰

160 2684 307 2748 moderari
329 2685 368 2747 ad
391 2683 506 2747 bouum
533 2687 656 2767 partem
683 2686 855 2749 uoluntatis
883 2704 958 2751 suae
985 2684 1162 2750 libertatem
1189 2690 1293 2768 potest

159 2787 279 2851 humilis
303 2786 510 2868 Christianae,
535 2788 588 2870 qui
611 2788 853 2871 possibilitatem
882 2808 971 2853 suam
1003 2790 1035 2853 in
1067 2790 1116 2853 dei
1144 2789 1292 2853 adiutoris

158 2891 268 2955 uirtute
290 2892 464 2971 coustituit,
489 2893 527 2955 ad
549 2911 643 2973 quem
667 2892 797 2956 dieitur:
829 2894 859 2956 si
891 2893 947 2957 uis
978 2894 1168 2977 perfectus
1197 2913 1291 2973 esse,

158 2996 258 3075 uado,
290 2996 407 3059 uende
437 3013 529 3076 quae
560 2996 690 3076 habes,
722 3001 752 3061 et
782 2997 913 3061 iterum:
947 2998 1004 3061 uis
1037 3016 1149 3061 sanus
1180 2998 1291 3061 fieri?

158 3100 304 3181 oonseius,
327 3103 481 3181 quantum
504 3100 587 3164 oordi
607 3100 744 3165 humano
759 3104 870 3183 potens
886 3102 985 3165 laetor
1002 3102 1157 3181 indiderit,
1180 3104 1291 3166 uolnn·
1319 3116 1344 3157 ²⁵

159 3205 251 3267 tatem
272 3205 380 3287 ipsius,
403 3224 496 3285 quem
521 3208 569 3268 est
591 3210 769 3284 senatusue,
794 3207 974 3289 interrogat.
1007 3224 1080 3270 uam
1101 3207 1208 3271 etalio
1225 3207 1291 3270 looo

159 3307 303 3389 populum
336 3306 554 3372 ambulantem
588 3327 736 3373 concessa
766 3310 885 3373 arbitrii
915 3310 1059 3374 libertate
1094 3311 1138 3373 sio
1172 3311 1291 3394 arguit:

160 3410 246 3474 edun
268 3413 367 3477 foras
390 3413 570 3495 populum
594 3431 744 3477 eaerum
768 3416 805 3477 et
827 3416 953 3477 oeulos
976 3413 1192 3495 habentem,
1217 3434 1293 3478 sur·

159 3514 239 3577 dnm
260 3521 296 3581 et
319 3535 428 3580 aures
452 3516 485 3580 ei
508 3520 604 3581 sunt.
644 3516 695 3580 hio
710 3517 793 3599 quod
809 3518 921 3581 surdus
938 3520 969 3581 et
984 3536 1094 3582 caecus
1110 3522 1168 3598 est,
1185 3522 1293 3582 eontu-

159 3618 273 3683 maoiae
296 3640 365 3685 esse
388 3620 592 3703 intellegitur,
616 3638 679 3685 non
702 3625 842 3685 naturae.
882 3626 914 3686 et
942 3622 974 3686 in
1002 3622 1162 3705 euangelio
1186 3626 1292 3704 aperte
1319 3638 1345 3677 ³⁰

159 3724 289 3788 ostendit
303 3724 439 3788 inditum
456 3742 524 3787 esse
539 3724 659 3788 homini
675 3723 775 3789 bonae
787 3726 959 3789 uoluntatis
972 3726 1133 3790 allectum:
1150 3725 1181 3789 si
1196 3726 1291 3807 quis,

259 3878 301 3946 10]
324 3878 403 3931 Dent.
423 3868 524 3942 31],’111
597 3879 641 3947 11]
664 3878 763 3932 Psalm.
785 3881 842 3943 118,
860 3882 900 3935 30.
974 3880 1018 3949 15]
1042 3880 1140 3933 Psalm.
1161 3882 1218 3943 118,
1234 3882 1292 3935 173,

159 3963 201 4031 23]
220 3963 312 4018 Matth.
334 3968 374 4027 19,
387 3967 428 4019 21.
483 3966 528 4034 24]
547 3965 639 4019 Ioanu.
659 3970 682 4029 5,
696 3969 720 4021 6.
774 3967 819 4035 28]
840 3966 907 4019 Esai.
928 3968 968 4029 la,
983 3970 1006 4022 8.
1066 3968 1111 4035 31]
1130 3966 1193 4019 Luo.
1213 3970 1237 4029 o,
1250 3970 1291 4021 23.

201 4103 465 4170 lquemammodrun
483 4105 511 4158 P
562 4104 783 4173 5uigoremquoe
803 4108 830 4159 P
885 4109 915 4161 12
934 4105 997 4174 eligi
1015 4107 1043 4159 P
1090 4108 1121 4162 13
1140 4105 1294 4174 praemitP

163 4190 191 4242 ll
209 4193 328 4258 oonpetet
346 4192 374 4245 P
424 4190 545 4258 elegendi
563 4194 591 4245 P
637 4208 736 4258 nequeo
755 4194 783 4246 P
828 4192 924 4259 neque]
943 4193 1013 4245 euim
1027 4192 1119 4248 addo
1167 4196 1198 4246 15
1217 4208 1292 4259 pras-

160 4274 290 4329 distiuatio
308 4278 335 4331 P
381 4272 535 4345 utriusquae
553 4279 581 4332 P
628 4281 659 4334 17
679 4277 870 4333 solicitabatP
916 4281 948 4333 18
967 4279 1150 4347 pernitioeaP
1196 4280 1228 4332 19
1243 4278 1292 4331 ita-

161 4376 223 4429 quao
241 4362 269 4415 P
316 4367 349 4421 20
367 4363 494 4417 iuditium
513 4364 541 4419 P
591 4367 622 4421 21
642 4363 800 4421 libertates
852 4366 886 4423 24
903 4364 983 4421 uinde
1002 4366 1030 4419 P
1081 4368 1114 4421 27
1133 4363 1248 4419 concessi
1267 4366 1294 4419 P
