3100 4892
635 440 731 495 Liber
749 440 762 494 1
783 442 857 495 1-2.
1273 439 1312 501 13

219 621 281 687 Sed
307 621 382 685 dicit
407 618 554 703 Pelagius
579 618 649 682 ideo
676 634 738 681 nou
766 635 834 680 esse
860 616 1008 699 originale
1036 618 1212 697 peccatum,
1241 615 1314 695 quia

178 727 244 809 ipsa
259 724 511 807 concupiscentia
531 722 740 807 generationis
764 740 801 784 en
824 720 880 784 deo
904 721 952 784 sit.
988 720 1070 783 unde
1087 721 1193 783 autem
1209 720 1315 783 ueniat

177 849 273 894 nexus
296 830 367 910 iste,
390 830 443 910 qui
466 832 606 911 posteros
630 826 736 906 trahit,
760 826 787 889 si
803 826 959 906 requiras:
983 825 1050 887 siue
1073 823 1166 888 dubio
1189 842 1244 907 per
1266 824 1314 887 in-

178 935 338 999 centinnm
361 932 544 997 maledictae
563 930 771 1015 generationis
792 930 932 993 ardorem
957 931 987 993 et
1009 948 1064 1011 per
1085 927 1314 992 inlecebrosum

178 1040 340 1120 utriusque
368 1038 508 1119 parentis
535 1036 722 1119 amplexum.
769 1053 843 1098 nam
870 1052 942 1097 cum
969 1033 1058 1097 illum
1082 1033 1183 1097 solum
1206 1032 1313 1096 uideas
1353 1048 1366 1087 ⁵

177 1142 215 1207 ab
239 1142 384 1225 originali
404 1142 568 1204 inmunem
590 1159 659 1204 esse
682 1139 877 1222 contagione,
900 1136 953 1218 qui
976 1155 1038 1202 non
1056 1155 1158 1217 carne,
1182 1137 1236 1200 sed
1252 1136 1315 1219 spi-

176 1250 249 1331 ritu,
272 1268 331 1313 nec
346 1247 559 1313 erubescenda
581 1247 736 1331 passione,
760 1245 815 1309 sed
836 1243 989 1327 stupenda
1011 1242 1226 1307 benedictione
1242 1259 1315 1305 con-

177 1358 286 1437 ceptus
315 1357 378 1433 est,
410 1370 544 1436 agnosce
571 1369 699 1415 causam
728 1350 805 1414 mali
832 1348 992 1433 originalis
1023 1348 1060 1413 de
1088 1348 1314 1413 oblectamento

177 1462 288 1522 natum
319 1456 529 1540 conceptionis
564 1460 594 1519 et
626 1456 663 1519 de
693 1455 770 1519 uitio
801 1454 981 1537 uoluptatis.
1027 1455 1189 1535 propterea
1220 1454 1314 1516 etiam

176 1563 281 1626 Adam
305 1567 336 1626 et
350 1561 451 1625 lluam
473 1560 505 1625 iu
521 1560 640 1643 origine
656 1577 713 1623 sua
728 1558 876 1623 obnoxios
899 1558 1032 1621 conditio
1048 1558 1110 1621 1111
1124 1574 1186 1621 uon
1203 1558 1314 1635 tenuit,
1344 1570 1367 1607 ¹0

177 1668 251 1748 quia
263 1684 282 1729 a
294 1666 425 1729 duorum
442 1664 615 1728 ministerio
628 1682 735 1727 eorum
750 1682 873 1744 quoque
890 1664 975 1726 ortus
991 1662 1112 1725 alienus
1128 1660 1316 1725 inlecebram

176 1772 208 1833 in
236 1770 286 1834 sni
309 1769 474 1833 natiuitate
501 1772 533 1832 11
554 1768 710 1832 creatione
738 1766 880 1831 nesciuit.
927 1766 981 1829 sed
1007 1765 1138 1830 forsitan
1164 1764 1315 1846 requiras,

176 1892 273 1955 quare
290 1874 322 1937 in
338 1876 490 1955 conceptu
509 1873 552 1936 sit
570 1874 707 1955 positum
723 1871 873 1955 originale
890 1870 1047 1934 delictum.
1076 1869 1203 1933 initium
1218 1868 1315 1933 totius

176 1980 285 2041 minae
308 1976 536 2041 inoboedientia
554 1976 623 2039 fuit.
665 1976 802 2058 primum
823 1975 907 2039 enim
930 1976 1083 2039 exaltatus
1100 1974 1193 2038 homo
1208 1978 1317 2055 postea

176 2082 360 2146 humiliatus
384 2085 432 2145 111
454 2081 663 2145 etconfusus.
715 2084 747 2144 et
769 2082 851 2162 quia,
875 2098 954 2143 curn
977 2080 1013 2142 in
1037 2079 1177 2144 honore
1201 2084 1315 2159 esset,
1344 2098 1368 2138 ra

177 2205 248 2251 non
269 2186 475 2265 intellexit,
498 2185 565 2249 ideo
581 2188 805 2266 conparatus
828 2186 883 2247 111
902 2183 1081 2247 iumentis
1102 2182 1316 2265 insipienti-

176 2290 244 2353 bus
269 2292 307 2354 et
327 2289 465 2353 similis
488 2289 611 2352 factus
635 2292 691 2351 est
713 2288 812 2366 illisa
830 2288 978 2369 quamdiu
995 2304 1066 2371 ergo
1083 2286 1165 2351 eirca
1180 2287 1315 2351 auctoris

177 2394 363 2475 obsequium
385 2391 545 2456 humilitas
568 2392 778 2455 reuerentiam
802 2392 913 2471 tenuit,
937 2392 1110 2455 nuditatem
1126 2391 1316 2456 conscientia

176 2498 369 2562 inmaculata
396 2514 458 2559 nou
485 2496 600 2575 sensit,
631 2513 703 2558 cum
729 2512 804 2559 uero
833 2496 884 2558 illo
912 2496 1029 2575 animo,
1057 2499 1093 2559 ut
1119 2494 1195 2559 deus
1223 2498 1315 2575 esset,

177 2606 308 2684 gustum
330 2599 391 2664 cibi
413 2600 516 2663 letalis
538 2600 669 2683 adpetiit
691 2602 723 2662 et
744 2599 955 2663 damnandam
978 2600 1177 2681 cupiditatem
1200 2600 1232 2664 in
1249 2618 1315 2663 am·
1343 2622 1369 2659 no

177 2706 280 2770 bitum
296 2705 471 2769 maiestatis
495 2704 641 2784 extendit,
665 2704 819 2768 inmemor
841 2704 919 2787 legis
943 2708 973 2767 et
996 2705 1213 2770 mandatorum
1236 2705 1314 2788 legis

177 2810 303 2874 rebellis
331 2809 483 2873 multatur
511 2808 734 2892 inpugnatione
763 2808 975 2872 membrorum
1007 2812 1048 2888 11,
1077 2809 1152 2872 dum
1179 2809 1314 2891 aequali-

180 2918 278 2978 tatem
301 2912 421 2977 domini
447 2913 496 2976 sui
518 2915 698 2995 praesumit,
726 2913 861 2995 corporis
885 2912 932 2975 sui
962 2912 1095 2994 perdidit
1116 2916 1313 2996 potestatem.

181 3018 217 3081 de
233 3016 381 3100 superbia
402 3019 478 3080 nata
499 3019 547 3079 est
563 3014 793 3081 incontinentia.
833 3034 906 3079 nam
929 3016 1003 3097 qnid
1025 3016 1057 3079 in
1074 3034 1109 3079 eo
1132 3036 1314 3099 percussum

182 3127 262 3186 11111
287 3121 433 3200 ostendit,
464 3120 587 3202 quaudo
616 3120 793 3183 uerecunda
823 3120 966 3183 conterit.
1012 3122 1182 3203 praecessit
1213 3122 1314 3202 elatio,
1342 3142 1366 3181 11

182 3220 288 3289 secuta
310 3226 448 3289 confusio
472 3228 528 3288 cst.
568 3224 740 3289 diuinitatis
764 3223 947 3288 ambitiosus
970 3224 1106 3289 libidinis
1130 3226 1232 3308 coepit
1247 3244 1315 3289 esse

182 3330 332 3413 captiuus

223 3432 281 3499 Sed
304 3434 437 3498 forsitan
459 3434 557 3498 dicas:
585 3433 659 3497 dum
682 3434 759 3498 haec
783 3432 918 3513 disseris,
943 3432 1068 3516 nuptias
1092 3433 1240 3497 damnare
1263 3434 1315 3498 de-

182 3538 389 3619 prehenderis.
429 3554 490 3602 non
518 3538 563 3600 ita
589 3542 645 3602 111.
684 3538 835 3602 ordinatio
863 3537 1010 3619 nuptialis
1039 3556 1073 3601 11
1101 3538 1314 3602 benedictione

284 3710 329 3778 15]
347 3708 446 3763 Psalm.
464 3711 560 3773 48,13.

223 3869 239 3921 2
256 3867 328 3919 unde
346 3884 379 3921 ec
396 3870 427 3919 ut
445 3865 476 3919 de
495 3866 523 3919 P
591 3867 607 3920 3
625 3865 709 3918 trahit
724 3867 831 3935 scripsi,
850 3864 967 3919 trahitur
983 3865 1016 3933 P,
1039 3865 1111 3934 qaod
1128 3872 1159 3919 ul
1176 3872 1315 3921 1111111111

183 3953 292 4009 editores
310 3969 358 4022 per
376 3959 438 4007 ante
461 3955 579 4021 posteros
607 3953 776 4007 inamaricat
859 3960 923 4021 post
950 3952 1067 4019 requiras
1093 3953 1315 4021 interrogat-ionis

183 4042 287 4109 capuam
308 4042 344 4095 ab
366 4040 440 4094 edic.
465 4045 606 4094 1111111111
633 4039 727 4105 deleat
754 4040 789 4107 cs.
815 4057 878 4109 pap.
902 4044 925 4107 7,
946 4042 982 4093 29
1047 4041 1063 4093 7
1090 4038 1263 4092 erubiscenda
1290 4040 1317 4093 P

184 4129 324 4181 8aonosce
343 4128 371 4180 P
422 4129 522 4182 9aam
539 4127 630 4178 natam
647 4126 840 4182 ambasciam?
900 4128 932 4181 12
951 4124 1072 4179 forsitam
1091 4126 1119 4179 P
1175 4128 1208 4180 2⁴2
1227 4128 1314 4179 muta·

184 4216 225 4265 tur
246 4215 286 4267 P¹
357 4212 548 4281 inpugnatione
574 4212 691 4278 corraei,
718 4212 747 4264 in
773 4212 936 4281 pugnatione
960 4213 993 4281 P,
1021 4212 1048 4265 in
1075 4210 1275 4281 impugnatione
1299 4230 1314 4266 o

183 4300 216 4353 24
232 4298 367 4368 superbia]
385 4314 498 4367 namque
515 4299 613 4353 addo
675 4302 709 4355 28
731 4297 853 4352 forsitam
874 4300 901 4353 P
963 4298 1090 4353 asseriso
1154 4298 1313 4366 depraehen-

185 4384 250 4438 deris
268 4388 295 4440 P
