3100 4892
244 438 337 493 XVIII
690 438 933 508 Prolagomona.

244 614 314 678 cillo
337 613 530 677 Arausicano
553 631 580 677 7.
597 611 661 676 529
681 613 826 678 Caesario
849 614 1045 695 praesidente
1068 615 1207 679 doctrina
1229 616 1385 680 catholica
1446 695 1452 707 .

244 717 282 782 de
302 718 403 800 gratia
423 721 455 781 et
473 716 569 782 libero
590 716 716 782 arbitrio
737 716 867 782 definita
886 721 935 782 est
954 717 1007 801 (cf.
1024 717 1153 801 Stilting
1174 720 1195 783 l.
1212 720 1232 783 l.
1246 740 1276 802 p.
1293 718 1382 802 677),

234 820 418 886 -Kruschius
442 822 461 885 l.
479 822 499 886 l.
521 841 550 904 p.
567 821 689 886 LVIIlI
716 823 818 887 euicit.
857 821 936 886 adde
965 823 1048 904 quod
1075 821 1239 887 Caesarius
1269 842 1297 887 7.
1317 822 1384 887 534

244 926 264 990 i.
282 946 307 990 e.
325 927 461 1008 quinque
485 928 574 990 annis
597 929 668 1007 post
691 927 859 991 concilium
873 926 1105 991 Arausicannm
1127 928 1160 991 in
1184 923 1319 992 tra'ctatu
1343 927 1383 990 ad

243 1031 403 1114 episcopos
421 1029 539 1095 Galliae
559 1031 591 1094 in
612 1049 706 1094 causa
722 1029 947 1096 contumeliosi
963 1032 1099 1114 episcopi
1114 1031 1257 1095 Reiensis
1274 1032 1382 1096 Fausti

244 1135 432 1200 successoris
453 1135 524 1200 dato
541 1135 651 1199 Fausti
668 1137 855 1200 auctoritate
870 1155 947 1199 usus
964 1139 1012 1199 est
1027 1135 1160 1216 adrem,
1177 1135 1214 1198 de
1229 1153 1292 1216 qua
1307 1137 1382 1219 agit,

242 1239 436 1322 probandam
460 1237 511 1322 (cl.
528 1239 611 1302 infra
631 1257 662 1321 p.
679 1237 767 1322 220),
790 1240 822 1303 id
845 1240 927 1321 quod
950 1240 1134 1303 documento
1159 1243 1207 1303 est
1229 1239 1382 1304 Faustum

243 1362 344 1425 neque
367 1342 654 1426 Semipelagianum
683 1344 782 1408 fuisse
812 1363 913 1425 neqne
944 1362 963 1406 a
993 1343 1148 1422 Caesario,
1179 1343 1381 1409 acerbissimo

242 1449 333 1512 huius
353 1449 516 1512 haereseos
533 1448 721 1529 aduersario,
745 1449 916 1530 ceterisque
932 1447 1052 1513 Galliae
1073 1449 1224 1531 episcopis
1239 1448 1382 1512 habiturn

243 1572 321 1618 esse.
366 1571 445 1634 quae
473 1570 546 1616 uero
574 1552 748 1617 doctrinam
771 1551 1055 1636 Semipelagianam
1083 1552 1115 1616 in
1143 1552 1209 1616 eius
1236 1553 1381 1634 operibus

242 1657 341 1738 olent,
375 1658 452 1721 haec
482 1675 544 1722 non
574 1657 724 1721 haeretici
753 1657 925 1740 peruicacis
957 1657 1012 1721 sed
1041 1657 1177 1721 hominis
1207 1655 1292 1722 bona
1321 1656 1382 1722 lide

225 1759 374 1826 'errantis
398 1761 496 1825 uerba
518 1765 601 1842 sunt,
625 1780 687 1844 qua
710 1761 747 1826 de
770 1781 804 1825 re
827 1762 1037 1841 conferantur,
1069 1780 1148 1843 quae
1171 1759 1300 1844 Stilting
1322 1762 1342 1824 l.
1359 1761 1380 1824 l.

241 1885 270 1948 p.
288 1864 460 1948 677-696
484 1867 635 1948 exposuit,
666 1883 859 1947 quamquam
882 1865 965 1929 hunc
987 1867 1091 1929 uirum
1115 1865 1242 1930 doctum
1265 1865 1381 1929 Fausto

241 1970 333 2034 nimis
356 1971 462 2034 fauere
485 1968 559 2034 alibi
581 1969 775 2034 ostendimus
800 1969 852 2052 (cf.
871 1970 975 2033 studia
997 1973 1104 2034 nostra
1126 1989 1157 2053 p.
1173 1967 1239 2052 69).

285 2075 390 2139 Tertio
409 2075 476 2139 loco
493 2073 672 2138 Gennadius
692 2093 848 2156 paruum
869 2073 1049 2137 aduersus
1064 2073 1225 2137 Arianos
1249 2075 1286 2137 et
1307 2073 1381 2137 Ma-

242 2180 464 2246 cedonianos
488 2178 661 2243 libellum
685 2177 785 2258 affert,
809 2197 904 2260 quem
927 2181 1086 2241 seruatum
1111 2197 1180 2241 esse
1199 2176 1380 2240 Breuiario

241 2284 324 2366 quod
347 2284 466 2364 dicitur,
482 2281 566 2364 fidei
589 2280 751 2344 7717777777
767 2278 912 2344 Arianos
933 2283 1015 2346 edito
1031 2283 1168 2365 primum
1183 2300 1202 2346 a
1217 2281 1381 2347 sirmondo

241 2387 415 2471 (Opuscula
426 2388 602 2471 dogmatica
617 2390 761 2450 ueterum
778 2388 913 2468 quinque
929 2387 1130 2468 scriptorum
1142 2386 1272 2450 Parisiis
1287 2385 1380 2465 1630,

240 2512 269 2575 p.
288 2491 328 2556 73
345 2493 437 2575 sqq),
461 2511 479 2555 a
494 2491 613 2574 Mignio
636 2491 718 2555 inter
741 2508 836 2571 opera
850 2490 964 2554 Leonis
980 2490 1091 2573 Magni
1112 2490 1264 2572 impresso
1281 2490 1380 2572 (Patr.

240 2598 293 2662 lat.
310 2597 390 2661 XIII
412 2594 476 2658 653
491 2596 572 2678 sqq.)
600 2595 675 2660 clim
702 2594 879 2678 Stiltingius
910 2595 953 2679 (p.
976 2593 1064 2678 702),
1092 2613 1176 2658 nnnc
1203 2594 1380 2661 Snitbertus

238 2701 394 2766 Baeumer
417 2699 534 2782 (Ucber
557 2699 622 2763 drei
643 2699 785 2763 verloren
801 2718 984 2783 gegangene
1000 2699 1156 2765 Schriften
1172 2699 1226 2763 des
1242 2699 1379 2763 Faustus

239 2823 301 2870 von
323 2805 396 2869 Rieu
419 2805 451 2867 in
475 2803 673 2886 ephemeride
692 2804 894 2887 Mogentiana
918 2803 1088 2884 ‚Katholik‘
1114 2801 1196 2865 1887
1220 2823 1250 2886 p.
1272 2801 1381 2866 386-

239 2907 455 2991 406)777771.
501 2908 556 2972 sed
586 2925 657 2971 cum
689 2927 751 2972 non
779 2911 880 2972 exstet
906 2925 1021 2972 nomen
1050 2908 1208 2990 scriptoris
1232 2908 1381 2972 breuiarii

239 3031 371 3094 cumque
400 3016 543 3077 seruatus
570 3012 613 3076 sit
634 3031 751 3095 paruus
775 3012 900 3077 libellus
924 3013 1032 3076 Fausti
1055 3013 1181 3077 nomine
1208 3013 1379 3096 insignitus

239 3121 270 3180 et
292 3135 390 3199 aeque
412 3136 448 3181 ao
470 3116 662 3181 breuiarIum
685 3116 762 3180 illud
794 3121 903 3181 contra
924 3116 1058 3181 Arianos
1083 3120 1114 3180 et
1136 3116 1379 3181 Macedonianos

239 3221 383 3305 scriptus,
413 3222 497 3287 hunc
527 3223 730 3304 posteriorem
753 3220 951 3286 Gennadium
982 3221 1137 3304 respicere
1161 3221 1378 3285 contendimus

237 3327 269 3390 ln
286 3327 497 3409 disputatione
514 3326 704 3409 ephemeridi
719 3344 827 3408 gymn.
840 3329 936 3389 austr.
953 3323 1037 3387 1890
1048 3345 1077 3408 p.
1091 3324 1155 3388 298
1169 3344 1236 3407 sqq.
1250 3327 1377 3389 inserta.

238 3435 389 3495 tractatus
406 3433 524 3510 autem,
540 3448 634 3511 quem
649 3429 826 3509 laudamus,
848 3429 949 3493 editus
966 3433 1015 3494 est
1030 3434 1223 3513 postremum
1241 3430 1309 3493 aP.
1325 3429 1378 3492 Pi-

237 3536 338 3616 thoeo‚
351 3535 503 3600 Ueterum
516 3534 634 3615 aliquot
642 3533 763 3598 Galliae
775 3533 993 3617 theologorum
1005 3534 1131 3616 scripta,
1143 3534 1272 3598 Parisiis
1284 3533 1377 3614 1586,

237 3660 266 3722 p.
286 3639 348 3702 124
367 3658 450 3721 sqq:
481 3637 599 3701 Fausti
626 3635 722 3722 Rapit
748 3635 883 3700 Galliae
911 3637 1054 3722 episcopi
1082 3637 1120 3700 de
1146 3638 1274 3701 ratione
1292 3635 1378 3718 fidet

237 3743 282 3805 ad
297 3742 419 3806 obiectu
434 3741 594 3826 quaedam
609 3741 820 3826 responsio.¹)
843 3759 938 3825 quam
954 3743 992 3807 ob
1009 3761 1077 3806 rom
1092 3743 1191 3807 falsus
1208 3748 1256 3807 cst
1271 3742 1377 3806 Ferdi·

237 3848 358 3911 nandus
373 3865 495 3929 quoque
512 3845 634 3926 (labrol,
658 3847 758 3927 quiin
775 3846 1007 3911 commentariis
1023 3847 1174 3910 Parisinis
1191 3845 1298 3909 Reoue
1322 3844 1376 3908 dea

236 3950 397 4035 questions
421 3949 616 4033 historiques
644 3947 726 4013 1890
748 3970 777 4032 p.
796 3949 968 4013 232-243
997 3954 1168 4015 tractatum
1191 3952 1291 4030 illurn,
1322 3950 1375 4032 qui

236 4055 415 4119 inscribitur
439 4053 523 4116 liber
546 4052 802 4116 testimoniorum
816 4053 900 4135 fidei
921 4063 1037 4117 contra
1051 4054 1243 4116 Donatistae
1266 4073 1376 4137 quom-

237 4178 296 4241 que
330 4159 427 4223 edidit
459 4160 547 4223 Pitra
579 4159 611 4222 in
645 4157 807 4223 Analectis
842 4160 939 4224 sacris
973 4163 1006 4223 et
1038 4160 1176 4223 classicis
1210 4159 1375 4243 Spicilegio

280 4383 298 4451 ¹)
318 4383 357 4439 cf.
371 4383 442 4437 inlra
460 4383 590 4452 appendix
608 4383 687 4437 huius
705 4383 831 4436 editionis
848 4400 873 4451 p.
887 4386 936 4439 451
951 4399 1007 4450 sqq.
