3100 4892
639 409 735 464 aroer
753 411 766 464 1
786 413 808 466 1.
1272 414 1290 476 7

159 584 289 666 quisque
318 586 485 667 cognoseat
516 585 615 648 multo
643 585 727 649 aliud
754 604 823 648 esse
850 586 979 650 salutari
1005 587 1124 670 gratiae
1155 587 1293 651 officium

158 689 273 753 laboris
297 688 474 772 adiungere,
498 688 581 753 aliud
604 708 676 754 uero
700 690 819 754 nudum
842 689 959 772 absque
981 691 1150 774 patrocinio
1173 693 1293 774 gratiae

158 794 297 858 laborem
321 792 498 857 temeritate
520 811 584 857 una
606 793 705 858 cordis
728 812 875 858 asserere.

180 897 261 961 1111
285 914 359 980 ergo
382 896 457 960 dum
480 897 573 961 altius
596 897 766 962 humanam
790 899 993 982 fragilitatem
1020 899 1172 963 inmemor
1195 899 1294 963 diuini

161 1002 279 1066 timoris
303 1000 433 1080 extollit,
460 1001 565 1065 iudieii
589 1001 637 1064 sui
659 1002 793 1084 perdidit
815 1002 981 1066 sanitatem
1003 1001 1062 1088 (et)
1082 1005 1127 1066 ita
1149 1024 1185 1067 ex
1207 1007 1294 1086 parte
1334 1022 1347 1060 ⁵

160 1107 220 1170 alia
241 1105 364 1185 cedidit,
389 1105 463 1168 dum
487 1104 605 1169 arbitrii
631 1105 811 1170 libertatem
832 1107 987 1189 integram
1009 1107 1169 1192 praeditat
1195 1112 1226 1172 et
1249 1108 1297 1170 in-

159 1213 288 1290 laesam,
317 1211 397 1273 11111
419 1209 475 1290 1111,
499 1210 551 1291 qui
575 1228 642 1274 eam
667 1229 703 1274 en
726 1214 791 1275 toto
814 1214 958 1275 asserunt
981 1211 1077 1274 fuisse
1101 1215 1293 1275 euaouatam.

160 1316 217 1380 hoe
244 1315 349 1396 itaque
373 1313 440 1378 loeo
467 1314 585 1396 gemini
606 1315 687 1378 inter
715 1333 747 1378 se
771 1315 987 1379 eonluotantur
1010 1332 1138 1394 erroreS,
1165 1334 1296 1397 quornm

161 1438 239 1484 unus
256 1419 358 1482 solam
372 1419 515 1501 gratiam,
539 1418 617 1482 alter
641 1419 741 1483 solum
764 1418 905 1482 laborem
927 1419 1036 1483 relieto
1058 1419 1184 1482 tramite
1205 1423 1298 1501 atque

162 1541 309 1588 mensura
330 1522 470 1586 ueritatis
493 1523 639 1587 insinuat.
676 1528 831 1587 saetarum
855 1542 968 1605 genere
991 1523 1141 1605 dispares
1169 1523 1223 1586 sed
1251 1524 1298 1586 in·
1326 1541 1350 1578 10

161 1629 278 1709 pietate
306 1625 484 1690 consimiles
519 1627 641 1690 diuerso
669 1627 794 1708 quidem
823 1627 940 1706 studio,
972 1626 1026 1690 sed
1060 1627 1171 1708 spiritu
1206 1627 1298 1690 unius

163 1731 315 1814 serpentis
340 1729 508 1794 insibilant.
547 1748 680 1811 quorum
703 1749 794 1810 unus,
823 1730 855 1794 id
878 1734 927 1794 est
949 1730 1045 1794 solius
1068 1730 1188 1813 gratiae
1209 1749 1299 1813 prae-

162 1836 279 1899 dicator
300 1833 402 1916 prima
418 1833 542 1915 quidem
565 1835 666 1898 fronte
683 1853 841 1898 uenenum
857 1853 950 1898 suum
972 1835 1031 1898 sub
1048 1835 1152 1918 speeie
1174 1836 1299 1917 pietatis

162 1940 307 2018 occultat,
331 1937 419 2018 alter,
442 1939 473 2002 id
490 1943 538 2002 est
560 1939 673 2004 laboris
690 1943 826 2003 assertor
848 1939 990 2023 protinus
1014 1943 1173 2003 extantem
1197 1943 1300 2004 tumo-

163 2065 225 2110 rem
258 2047 390 2129 inproba
420 2043 550 2108 elatione
582 2044 771 2108 manifestat.
818 2043 895 2107 haee
928 2043 1078 2126 professio
1112 2043 1298 2108 insinuando
1326 2060 1351 2100 1⁵

165 2152 263 2214 solum
286 2150 426 2214 laborem
449 2149 516 2232 ipso
540 2147 586 2210 sui
610 2148 701 2212 titulo
724 2148 919 2228 detestanda,
946 2148 1001 2211 illa
1022 2148 1123 2231 magis
1146 2148 1206 2210 sub
1228 2149 1301 2212 reli-

165 2256 247 2336 gioso
271 2255 373 2318 eolore
397 2254 565 2317 metuenda
588 2257 645 2316 est.
683 2252 760 2316 haee
783 2252 980 2335 saerilegium
1003 2270 1096 2316 suum
1118 2251 1194 2334 ipsis
1218 2252 1300 2315 auri-

165 2359 220 2422 bus
246 2359 365 2440 prodit,
393 2358 448 2422 illa
474 2357 559 2421 11111
587 2375 678 2420 suum
706 2357 779 2420 imis
806 2355 978 2419 uisceribns
1006 2374 1104 2438 paene
1132 2358 1299 2438 antequam

167 2465 315 2528 sentiatur
344 2461 490 2526 infundit.
537 2462 613 2526 duos
641 2464 809 2544 angustum
837 2460 978 2525 obsidere
1010 2460 1126 2524 fretum
1155 2459 1298 2542 scopulos

166 2571 263 2649 putes
287 2585 419 2648 quorum
434 2585 515 2630 unus
532 2564 775 2648 subdeprimitur
791 2565 824 2628 iu
839 2564 1038 2648 profundum,
1062 2564 1141 2627 alter
1161 2563 1300 2627 minatur
1326 2579 1352 2619 2⁰

167 2660 200 2734 in¹
222 2671 353 2734 eaelum.
400 2688 480 2733 unus
509 2670 640 2732 infestus
671 2668 893 2750 nauigantibus
921 2669 1072 2748 cernitur,
1103 2668 1181 2731 alter
1208 2686 1301 2731 caeca

167 2775 326 2857 naufragia
349 2773 525 2855 inprouisus
550 2776 702 2856 operatur.
738 2773 791 2836 ille
814 2773 948 2855 gratiam
971 2772 1118 2852 loquitur,
1141 2771 1192 2834 hie
1214 2771 1300 2834 labo-

166 2897 240 2942 rem.
271 2883 438 2959 utrumque
455 2877 577 2959 eloquia
599 2877 705 2940 diuina
723 2875 917 2940 confirmant.
949 2877 976 2939 si
992 2875 1176 2939 dissidentes
1199 2894 1300 2940 remo-

167 2999 238 3045 ueas
261 2985 291 3046 et
313 2981 396 3046 diota
419 2980 605 3064 coniungas,
632 2980 726 3061 plena
748 2979 820 3042 fidei
843 2980 1004 3043 sineeritas
1028 2977 1199 3061 apparebit.
1246 2979 1300 3041 sed

167 3086 237 3166 quia
263 3087 352 3150 uelut
382 3084 538 3149 temerarii
565 3084 699 3168 remiges
728 3084 795 3148 sine
822 3085 972 3166 magistro
1002 3083 1193 3166 inexplorato
1220 3085 1299 3146 mari
1327 3098 1352 3137 2⁵

167 3189 237 3253 uela
261 3189 449 3254 oonmittunt
475 3207 512 3252 ae
538 3193 711 3271 temperare
734 3188 948 3252 moderamina
970 3186 1114 3250 nesciunt
1136 3189 1168 3250 et
1186 3186 1300 3269 guber-

168 3295 276 3358 nacula
297 3297 430 3358 tractare
454 3313 515 3358 non
539 3297 663 3373 norunt,
686 3294 737 3357 hie
754 3297 915 3374 tamquam
938 3293 970 3355 in
986 3291 1107 3374 Scyllae
1130 3291 1211 3355 male
1227 3291 1300 3354 der·

168 3400 250 3460 trum
264 3399 361 3462 fertur
375 3397 536 3481 perielum,
558 3398 610 3462 ille
627 3399 659 3462 in
675 3398 801 3462 laeuum
817 3396 989 3478 Charybdis
1005 3395 1104 3458 tendit
1121 3395 1299 3476 abruptum.

169 3506 199 3564 et
226 3501 296 3583 quid
322 3521 374 3567 eos
402 3503 482 3566 inter
513 3501 590 3566 haee
616 3502 717 3566 faeere
746 3503 902 3583 oporteat,
932 3501 957 3563 si
984 3498 1143 3580 requiras:
1174 3499 1299 3580 prouisa

212 3717 367 3786 lquisquse
386 3717 414 3772 P
464 3717 585 3772 Scordis
603 3735 687 3772 omo
739 3715 1028 3783 subeuntesque)
1078 3715 1252 3768 7111111111
1266 3715 1300 3782 Ρ,

167 3829 214 3884 sed
236 3831 268 3897 cs.
284 3848 365 3902 puqq.
384 3835 427 3899 11,
444 3835 468 3884 4.
486 3835 528 3899 18,
546 3833 587 3884 22.
607 3834 683 3898 19,4
752 3827 874 3884 9aolam
894 3829 935 3882 Ρ1
1000 3825 1101 3894 adquae
1120 3827 1148 3880 P
1209 3829 1241 3881 16
1260 3818 1326 3878 re?

167 3915 263 3984 ligiosa
289 3918 315 3971 P
390 3919 420 3972 17
451 3916 527 3986 ipsis]
558 3917 612 3970 suis
641 3917 705 3971 add.
731 3934 746 3971 o
819 3918 851 3970 la
881 3913 1005 3967 obsedere
1035 3915 1063 3967 P
1129 3911 1247 3980 scopolus
1276 3914 1303 3966 P

168 4005 201 4057 20
218 4001 329 4071 predum
348 4004 388 4058 P¹
454 4005 488 4059 23
511 4007 669 4071 utrumquae
692 4003 719 4057 B
785 4001 947 4055 dissedentes
967 4000 994 4053 P
1055 4003 1088 4055 25
1111 3999 1241 4052 timererii
1260 4001 1300 4053 Ρ1

168 4091 201 4143 26
224 4092 340 4158 tempora
363 4107 391 4143 re
413 4091 441 4144 P
502 4091 587 4148 uerba
612 4093 638 4143 et
661 4087 842 4157 gubernacula
863 4090 978 4140 tractare
1002 4103 1054 4139 nou
1078 4089 1177 4139 norunt
1198 4087 1299 4154 glossa·

169 4177 222 4231 tori
252 4177 432 4234 antecedentia
462 4193 492 4230 ao
524 4180 671 4246 temperare
704 4174 885 4228 moderamina
921 4174 1043 4226 nesciunt
1078 4172 1227 4240 septicenti
1256 4173 1300 4225 de·

170 4263 225 4318 beri
246 4263 372 4319 uidentur
441 4265 474 4318 27
493 4273 590 4320 1111111
605 4264 638 4332 Ρ,
663 4266 726 4315 1111
747 4279 877 4331 superbos.
901 4262 1039 4315 romualt.
1109 4261 1143 4312 28
1166 4256 1255 4310 lenum
1275 4259 1302 4311 P

171 4347 301 4403 charibdis
319 4353 345 4406 P
