3100 4892
525 439 529 446 ’
630 440 666 495 Il.
685 443 729 495 De
748 443 871 512 spiritu
890 444 1001 496 sancto

781 690 854 754 ΙΠΙ.

249 833 448 875 cleronomus
465 832 668 875 Duamra'rml
684 833 846 875 ADSBRENS
866 833 971 876 undar
991 833 1135 876 SANCTUM
1150 832 1297 876 SPIRITUM
1313 833 1391 876 Pao-

595 920 692 962 ΡΒῙΑΜ
713 920 879 964 ΡΕΒΒΟΝΔΜ
902 921 1038 964 HABERE.

293 1039 412 1103 Deinde
450 1039 633 1104 dualitatem
667 1041 848 1105 intromittis
884 1043 916 1105 at
949 1040 1025 1104 dicis
1060 1040 1205 1123 spiritum
1240 1043 1390 1104 sanctum

211 1173 223 1210 a
249 1145 407 1229 propriam
429 1163 492 1237 non
513 1144 628 1209 habere
650 1163 817 1227 personam
840 1163 897 1209 neo
919 1145 1061 1209 amisisse
1085 1148 1116 1209 te
1139 1145 1236 1209 sentis
1258 1163 1392 1229 regene-

248 1250 378 1314 rationis
407 1250 552 1333 gratiam,
583 1250 635 1332 qui
664 1251 696 1313 in
722 1250 949 1333 regeneratoris
973 1249 1075 1314 tendis
1099 1248 1260 1329 offensam,
1293 1267 1392 1332 quem

249 1354 307 1418 sibi
337 1354 370 1418 in
399 1355 617 1418 communione
647 1355 821 1419 maiestatis
853 1359 884 1418 ct
909 1354 1034 1418 uirtutis
1058 1355 1181 1418 unitum
1205 1353 1312 1418 diuina
1336 1373 1394 1418 ue-

247 1461 324 1522 ritas
351 1462 540 1540 protestatur
562 1460 607 1522 ita
629 1458 749 1522 dicens:
780 1460 846 1540 ite,
878 1458 1067 1542 baptizate
1098 1477 1222 1523 omncs
1253 1463 1392 1542 gentes

248 1565 285 1627 in
308 1564 454 1627 nomine
477 1565 594 1646 patris
619 1565 655 1628 et
678 1564 752 1628 lilii
775 1567 811 1628 et
827 1564 987 1647 spiritus
1004 1565 1135 1629 sancti.
1168 1564 1205 1628 in
1222 1565 1393 1647 nominc,

199 1691 223 1731 ro
248 1667 360 1749 inquit,
390 1667 509 1751 patris
540 1671 576 1732 ct
603 1668 679 1732 11111
703 1672 739 1732 et
762 1669 919 1752 spiritus
943 1670 1074 1733 sancti.
1120 1669 1255 1734 nominis
1280 1669 1394 1753 singu-

247 1772 355 1836 laritas
385 1772 540 1836 unitatem
567 1773 714 1855 loquitur,
745 1773 990 1856 appellationum
1013 1792 1087 1838 uero
1110 1773 1272 1838 diuersitas
1297 1775 1393 1840 trini-

248 1881 356 1941 tatem.
400 1878 434 1941 in
460 1878 586 1941 nomine
610 1896 683 1960 ergo
706 1895 798 1958 unus,
830 1878 939 1942 sedin
962 1896 1166 1961 personarum
1190 1879 1393 1944 distinctione

248 2000 310 2047 non
330 1999 421 2045 unus.
459 1982 532 2063 quid
556 1985 602 2046 est
625 1982 779 2047 intritus
803 1983 894 2046 unius
917 1983 1051 2047 nominis
1074 1984 1303 2067 praerogatiua,
1328 1985 1394 2048 nisi

247 2086 371 2150 deitatis
387 2086 555 2151 indiscreta
570 2087 755 2151 concordia?
779 2087 829 2152 lac
851 2088 993 2172 gradum,
1017 2083 1165 2170 si'potes,
1189 2086 1243 2152 ubi
1264 2092 1395 2170 praeter

197 2217 221 2257 15
247 2210 346 2256 unum
377 2191 433 2256 deo
455 2191 514 2256 hoc
536 2192 641 2274 ipsum
664 2195 831 2257 attestante
855 2193 931 2256 nihil
954 2193 1085 2257 incenis
1131 2196 1195 2256 tras
1218 2191 1319 2273 audis,
1353 2211 1396 2258 ne

246 2297 400 2360 unitatem
424 2295 602 2362 Sabelliana
631 2299 818 2380 permisceat
841 2300 873 2362 et
901 2297 1072 2362 confundat
1100 2298 1257 2381 impietae,
1276 2316 1396 2362 anum

248 2401 354 2481 antlia,
393 2420 433 2465 ne
466 2401 640 2465 trinitatem
674 2402 792 2465 diuidat
825 2401 961 2466 Arriana
997 2402 1203 2485 peruersitaS,
1242 2401 1396 2484 spiritum

248 2509 393 2570 sanctum
417 2506 516 2587 audis,
540 2510 575 2569 ut
597 2506 816 2572 Macedonium
839 2506 995 2571 confodiat
1017 2507 1156 2571 distincti
1178 2506 1316 2570 nominis
1339 2525 1396 2570 er-

248 2629 357 2693 pressa
378 2611 562 2692 proprietas.
608 2612 713 2692 itaque
736 2629 798 2676 non
822 2615 993 2691 creaturae,
1021 2611 1073 2675 sed
1098 2610 1244 2676 creatoris
1267 2609 1396 2677 incom-

197 2739 222 2777 oo
249 2713 438 2778 municabile
466 2733 543 2798 opus
567 2715 681 2799 agitur,
711 2715 766 2779 ubi
789 2720 987 2799 peccatorum
1011 2715 1137 2779 abolitio
1161 2718 1192 2779 et
1213 2715 1396 2780 inmunitas

248 2822 401 2902 erogatur.
446 2821 479 2883 in
508 2819 567 2883 hoc
593 2823 700 2884 tamen
723 2819 948 2884 indissociabili
972 2820 1146 2883 maiestatis
1170 2820 1327 2901 amplexu,
1361 2820 1396 2884 in

247 2925 436 3007 proprietate
459 2942 609 3007 personae
632 2925 711 2988 alter
734 2928 782 2989 est
804 2928 902 3008 pater,
934 2925 1012 2988 alter
1035 2928 1083 2987 est
1105 2923 1198 3003 filius,
1222 2922 1302 2987 alter
1326 2926 1397 3008 spi-

247 3029 325 3092 ritus
349 3032 486 3108 sanctus,
513 3029 622 3093 sedin
646 3028 807 3093 diuinitate
831 3047 893 3094 non
916 3028 1009 3108 aliud,
1038 3029 1091 3110 qui
1113 3029 1232 3110 utique,
1260 3027 1288 3091 si
1312 3029 1396 3092 deus

249 3151 311 3197 non
327 3138 421 3214 esset,
437 3135 522 3197 iuxta
536 3136 660 3216 patrem
676 3133 821 3198 etlilium
837 3135 995 3217 propriam
1010 3150 1176 3216 personam
1191 3131 1309 3196 habere
1326 3152 1395 3198 non

196 3263 220 3300 25
246 3241 362 3320 posset.
397 3238 530 3319 denique
553 3238 675 3319 quando
698 3238 831 3302 uerbum
855 3239 968 3302 transit
990 3238 1021 3300 in
1045 3255 1171 3300 carnem
1195 3239 1227 3300 et
1248 3236 1394 3301 hominis

246 3342 389 3407 habiturn
412 3343 488 3406 deus
512 3343 612 3406 induit
639 3346 671 3406 et
694 3342 729 3407 tit
748 3345 786 3406 in
811 3342 971 3405 circuitu
994 3343 1075 3405 eius
1098 3340 1395 3406 tabernaculum

247 3447 326 3511 cius
349 3451 380 3510 et
403 3447 601 3528 splendorem
625 3465 716 3510 snum
740 3446 878 3509 tenebris
902 3449 1026 3510 nostrae
1050 3444 1229 3528 tragilitatis
1251 3445 1395 3512 inuoluit

350 3601 378 3670 8]
396 3600 492 3654 Matth.
506 3603 548 3665 28,
563 3605 603 3656 1a
662 3600 707 3668 26]
726 3598 825 3654 Psalm.
842 3603 937 3663 17,12.

290 3743 444 3794 aesserens
457 3742 484 3794 P
536 3739 659 3809 spiritum
678 3757 698 3793 s.
718 3743 799 3807 negat
812 3739 839 3792 P
891 3737 1022 3794 3habcre
1040 3754 1179 3807 personam
1193 3738 1221 3791 P
1272 3739 1396 3794 barnis-

247 3828 311 3880 sissc
334 3829 359 3880 V
415 3826 587 3895 regerationis
606 3827 633 3879 P
689 3824 973 3893 bregenerationisv
1036 3824 1176 3878 offenssam
1196 3825 1223 3878 P
1280 3827 1396 3880 icom-

247 3955 367 3993 muneo
448 3938 535 4007 aaa]
562 3937 660 4005 imquio
686 3939 760 4015 (sao
787 3939 850 3992 aaa.
874 3937 901 3990 P
980 3903 1094 3991 tabita
1123 3938 1150 3991 P
1174 3937 1201 4006 (p
1229 3955 1302 3992 aaa.
1327 3941 1396 4006 alt.)

248 4056 281 4109 10
298 4051 425 4120 nominis]
444 4033 501 4104 nei‘s
518 4052 544 4106 V
594 4017 825 4118 singnlbtasPai
839 4068 909 4104 baara.
924 4051 982 4109 alt.)
1037 4053 1067 4106 11
1086 4067 1241 4106 aaronitae
1296 4052 1328 4106 12
1349 4049 1396 4104 di-

247 4139 417 4204 stinotionem
439 4138 466 4193 V
535 4140 567 4192 14
589 4137 721 4205 grandnm
744 4138 772 4191 P
841 4139 873 4192 18
897 4137 1100 4190 machedonium
1123 4138 1151 4190 P
1218 4153 1343 4207 crprgssa
1369 4139 1398 4193 V

248 4230 280 4282 19
299 4223 553 4279 incommutabilco
610 4225 644 4277 20
662 4223 719 4290 agit
741 4224 766 4276 V
821 4227 848 4275 et
865 4241 1000 4292 suprascr.
1022 4224 1059 4278 V¹
1121 4226 1151 4280 21
1172 4222 1355 4277 indissecabili
1372 4217 1396 4280 ¹o

247 4315 280 4367 22
298 4311 525 4380 propriaetateV
579 4316 641 4364 cate
659 4310 769 4378 spiritus
788 4310 866 4364 addit
885 4313 925 4361 est
944 4310 971 4362 P
1026 4313 1059 4364 23
1079 4310 1180 4363 imitate
1199 4329 1215 4364 o
1275 4312 1309 4364 24
1326 4325 1394 4378 per-

247 4415 338 4451 sonam
356 4396 491 4465 propriam
510 4398 538 4450 P
587 4398 621 4450 26
640 4395 683 4464 fit]
705 4396 761 4449 sia·
