3100 4892
255 378 319 444 280
658 379 723 432 IIII.
743 377 851 432 Sermo
872 381 979 434 14-15.

256 555 393 635 meliora,
418 555 492 618 dum
514 555 548 618 iu
570 558 678 620 nostra
699 557 773 619 sunt
795 558 950 636 potestate
972 555 1117 619 remedia.
1155 555 1207 618 hic
1229 556 1389 638 extingua-

257 678 326 724 mus
350 663 483 723 mortem
506 660 665 724 moriendo
686 660 833 742 peccatis,
856 660 905 722 hic
921 661 1019 723 uitam
1036 659 1119 722 uitae
1141 660 1261 722 meritis
1283 659 1390 740 adqui-

256 785 362 830 ramus
385 784 440 848 per
464 784 545 845 eum,
569 766 707 848 quicum
730 769 818 848 patre
841 765 918 829 uiuit
940 768 972 828 et
992 768 1103 848 regnat
1125 765 1156 827 11
1177 765 1304 828 saecula
1325 783 1391 830 sae-

257 871 407 934 culorum.
431 869 544 934 Amen.

793 1027 860 1091 XV.

585 1171 627 1210 Du
649 1170 769 1212 llunw
792 1169 1068 1218 Quunmuusmuu.

300 1289 390 1367 Ecce,
414 1288 526 1350 fratres
550 1287 753 1368 dilectissimi,
777 1287 842 1351 dics
858 1288 1113 1371 quadragesimae
1136 1291 1263 1352 sanctae
1278 1292 1311 1352 et
1333 1289 1393 1371 spi·

258 1392 363 1456 ritales
386 1392 449 1454 iam
473 1391 504 1454 in
527 1392 665 1473 proximo
689 1396 772 1471 sunt,
796 1392 956 1474 inquibus
980 1392 1114 1474 corporis
1137 1392 1253 1455 damna
1273 1393 1306 1456 in
1329 1393 1393 1456 ani-

260 1515 329 1561 mae
353 1498 518 1559 transeunt
539 1494 634 1559 luera,
659 1500 690 1559 et
709 1497 789 1576 ideo,
813 1497 894 1576 quia,
918 1496 999 1559 sicut
1022 1496 1179 1578 apostolus
1200 1496 1284 1575 dicit,
1307 1503 1392 1560 tem-

208 1626 233 1663 10
259 1620 326 1684 pus
358 1598 590 1680 acceptabile
621 1604 656 1663 et
687 1600 765 1663 dies
798 1600 932 1664 salutis
963 1600 1144 1679 adueniunt,
1173 1604 1334 1682 tamquam
1356 1601 1393 1663 cd

261 1705 431 1787 spiritalem
460 1704 649 1767 uindemiam
673 1708 795 1769 nostros
819 1705 940 1769 animos
967 1696 1188 1787 praeparemus
1212 1708 1244 1769 et
1270 1705 1315 1770 ita
1341 1723 1393 1768 ua-

261 1827 330 1872 care
355 1809 411 1872 dec
435 1808 626 1887 studeamus,
650 1812 685 1871 ut
708 1809 740 1871 in
763 1809 831 1872 istis
853 1809 960 1890 paucis
981 1808 1101 1888 diebus
1125 1809 1206 1891 quod
1227 1808 1320 1872 nobis
1341 1829 1394 1892 per

262 1917 363 1978 totum
395 1932 512 1977 annum
544 1912 688 1992 sufficiat,
719 1930 909 1996 congregare
938 1913 1104 1994 possimus.
1151 1913 1188 1976 de
1217 1913 1285 1976 istis
1313 1914 1394 1977 enim

262 2018 423 2082 dominum
447 2017 555 2081 diebus
578 2017 691 2104 dixisse
715 2017 871 2080 credimus
894 2035 948 2098 per
970 2017 1169 2098 prophetam:
1207 2017 1244 2080 in
1267 2016 1394 2080 diebus

211 2145 235 2185 1⁶
262 2123 544 2188 solemnitatum
583 2125 793 2184 uestrarum
830 2121 1027 2204 adfligetis
1061 2121 1202 2185 animas
1239 2125 1393 2185 uestras.

262 2246 356 2308 quare
373 2227 430 2290 hoc
453 2226 548 2290 dixit?
571 2225 643 2307 quia
665 2225 779 2288 ieiunia
802 2229 833 2289 et
855 2226 979 2308 uigiliae
1003 2230 1035 2289 et
1057 2230 1183 2290 sanotae
1206 2224 1394 2289 adflictiones

262 2331 426 2395 humiliata
456 2347 583 2412 corpora
616 2333 786 2408 macerant,
820 2330 875 2392 scd
908 2331 1065 2394 maculata
1099 2329 1191 2393 corda
1222 2328 1395 2410 purificant,

263 2435 413 2499 membris
446 2432 638 2498 subtrahunt
667 2434 897 2517 fortitudinem,
932 2434 986 2497 sed
1016 2434 1212 2497 conscientiis
1243 2434 1396 2497 adducunt

264 2540 407 2602 nitorem.
452 2538 639 2602 lassitudine
667 2539 750 2602 cuim
779 2556 942 2620 corporum
969 2538 1166 2602 redimuntur
1193 2539 1398 2601 3111111311-
1425 2605 1428 2612 ,

213 2666 238 2704 so
264 2643 431 2722 luntatum,
454 2661 509 2725 per
525 2642 618 2706 durae
634 2642 732 2705 erucis
749 2643 894 2705 exercitia
908 2642 1029 2705 luxuria
1044 2643 1095 2705 uel
1111 2641 1212 2705 carnis
1228 2641 1398 2722 puniuntur

266 2747 388 2830 gaudia,
413 2747 507 2810 33313
531 2746 767 2810 mortificatione
791 2747 947 2828 praesenti
969 2747 1091 2810 futurae
1115 2747 1223 2810 mortis
1246 2745 1399 2809 sententia

370 2961 397 3030 9]
416 2964 432 3016 2
451 2961 509 3016 Cor.
524 2964 547 3024 6,
561 2964 584 3016 2.
641 2960 683 3029 14]
703 2960 765 3014 Leo.
783 2965 821 3025 16,
835 2963 875 3015 29.

312 3171 372 3225 lin
390 3173 480 3224 nostra
499 3188 531 3226 ec
549 3177 668 3223 monstra
687 3171 715 3224 D
785 3170 979 3239 extinffsguamus
998 3172 1027 3225 D
1096 3171 1239 3225 2meretis
1260 3172 1288 3225 P
1355 3169 1400 3223 ad·

267 3249 400 3352 wimadi),
424 3299 597 3351 conparemus
620 3284 647 3336 P
716 3285 731 3337 3
758 3299 805 3351 per
829 3283 901 3351 eum]
925 3287 1076 3351 praestante
1099 3283 1207 3337 dominc
1230 3287 1320 3337 nostro
1341 3283 1399 3336 lesu

267 3369 373 3424 Christo
392 3371 498 3438 PAup.
570 3385 630 3421 cum
648 3373 723 3437 patre
742 3387 792 3424 om.
808 3371 834 3423 P
902 3373 918 3424 6
940 3370 1004 3440 incp
1021 3385 1107 3423 sermo
1125 3369 1236 3423 faustini
1255 3370 1288 3423 dc
1305 3370 1399 3423 ieiunio

268 3457 486 3525 quadragensimo
505 3457 534 3509 D
605 3455 694 3508 71133
715 3458 742 3509 D
759 3458 791 3510 in
807 3475 860 3511 rus.
933 3457 1152 3524 quadragensimo
1173 3459 1203 3511 D
1272 3457 1399 3526 spiritales

267 3545 372 3614 scripsi,
392 3542 518 3611 spiritalis
537 3543 566 3595 D
635 3546 651 3598 8
674 3543 700 3595 in
720 3550 784 3611 post
803 3543 900 3596 damna
917 3545 1024 3611 addidi,
1049 3546 1080 3597 in
1097 3545 1243 3598 Drusum
1260 3551 1355 3610 astat,
1372 3544 1399 3595 in

268 3649 321 3700 qua
339 3629 426 3682 anime
444 3631 528 3697 fuisse
546 3630 654 3683 uidetur
707 3633 723 3684 9
742 3634 881 3682 transeunt
894 3631 923 3684 D
934 3633 973 3696 (sc
992 3632 1022 3685 in
1039 3633 1106 3697 ros.)
1161 3634 1191 3686 ll
1211 3629 1357 3684 uendemea
1374 3629 1399 3682 D

268 3720 295 3771 et
312 3717 351 3770 ita
370 3732 462 3768 uacare
480 3718 585 3784 scripsi,
605 3717 654 3768 etit
672 3733 764 3769 uocare
783 3719 812 3771 D
875 3720 906 3772 12
925 3717 1074 3770 studiarnus
1092 3719 1122 3772 1)
1184 3720 1216 3774 14
1233 3713 1398 3786 prophetam]

269 3820 336 3873 quaec
353 3809 502 3870 sequuntur
519 3820 602 3871 resque
620 3804 657 3856 ud
673 3807 753 3871 finoni
771 3810 876 3857 33131111
888 3806 969 3858 etium
981 3806 1012 3858 in
1023 3821 1142 3860 33113133
1154 3805 1305 3873 Augustini
1323 3802 1399 3858 detto

267 3894 327 3957 262,
340 3893 410 3942 1-4
427 3890 561 3956 13112229
579 3891 632 3955 M.)
650 3897 674 3944 el
693 3891 792 3944 Dasea.
811 3893 879 3945 leone.
892 3895 926 3943 le
980 3894 1011 3946 15
1031 3890 1192 3959 uestrorum]
1211 3892 1243 3944 in
1260 3892 1291 3944 D
1307 3903 1400 3944 maora

269 3982 361 4044 caslut,
380 3977 412 4029 iro
430 3993 484 4044 quc
502 3974 581 4027 rffcrd
605 3991 699 4042 gyrum
719 3979 850 4045 scripturn
868 3983 925 4031 3311
995 3977 1127 4044 adfligetis
1149 3978 1256 4045 scripsi,
1278 3972 1399 4042 adfligitis

269 4065 305 4126 D,
318 4062 436 4129 adfligite
450 4064 521 4130 Aup.
577 4062 870 4132 rohoenop.,om.1)
922 4063 1122 4117 adflictionisD
1171 4062 1362 4127 llhumiliat{a
1374 4058 1399 4112 D

270 4153 302 4205 18
323 4149 478 4202 sortitudem
498 4149 527 4202 Ι)
596 4148 700 4202 addunt
717 4151 789 4219 Aup.
863 4154 894 4204 19
913 4149 1069 4203 lassitudine
1087 4167 1109 4202 e.
1124 4150 1157 4218 c]
1182 4149 1353 4202 nihilomiuus
1369 4144 1397 4195 de

270 4236 428 4288 contritione
447 4235 529 4288 animi
542 4237 612 4305 Aug.
667 4235 841 4290 redemuutur
859 4238 888 4291 D
941 4238 1099 4290 creminaD
1150 4235 1320 4304 uoluptatum
1332 4235 1396 4299 Aac·
1502 4294 1503 4307 ἢ

271 4323 304 4376 20
323 4321 423 4374 luxoria
442 4322 485 4374 uel
503 4323 539 4388 D,
560 4321 682 4390 deceptae
702 4321 804 4375 dudum
823 4325 903 4392 Aac,
921 4342 958 4378 are
976 4323 1094 4376 luxuriae
1113 4323 1156 4376 131
1174 4321 1362 4379 scribendam?
