3100 4892
258 429 320 494 228
705 429 770 484 ΙΙΠ.
790 431 901 484 Sermo
918 433 943 486 2.

257 606 351 670 eliam
383 624 465 669 nunc
496 606 649 670 secundus
680 605 784 670 Adam
814 607 904 688 quasi
934 607 972 669 de
1001 608 1120 670 intacta
1149 623 1186 668 ac
1215 603 1283 668 rudi
1312 608 1395 669 terra

255 710 397 794 uirginea
427 729 519 774 carne
551 711 711 775 formatur.
765 729 850 790 ecce,
879 712 1023 792 inquam,
1054 711 1168 776 iterum
1197 709 1394 774 cessantibus

256 817 384 879 naturae
407 814 529 898 legibus
546 833 645 879 nouus
669 815 762 880 homo
785 815 817 878 in
834 833 949 879 nouam
971 816 1071 878 uitam
1086 814 1151 879 solo
1167 813 1225 878 deo
1247 817 1394 896 operante

254 917 421 1000 perficitur.
479 920 671 1001 promittitur
704 936 776 1002 ergo
811 919 941 1002 uirginis
976 919 1058 982 filius
1092 938 1147 1001 per
1180 917 1393 982 uisitationem

216 1048 228 1088 s
256 1022 382 1103 spiritus
406 1024 517 1102 sancti,
548 1023 624 1104 quid
650 1023 765 1087 mirum
794 1023 820 1086 si
848 1023 915 1086 sinc
943 1023 1137 1104 corruptione
1165 1022 1313 1100 nascitur,
1341 1021 1393 1102 qui

254 1126 292 1189 de
312 1126 559 1191 sanctificatione
582 1128 761 1210 concipitur.
801 1144 863 1190 non
888 1127 971 1191 enirn
995 1127 1134 1206 decebat,
1158 1130 1203 1205 ut,
1227 1127 1280 1208 qui
1304 1124 1393 1190 nobis

255 1229 400 1294 omnibus
417 1230 578 1295 adferebat
594 1231 739 1311 salutem,
757 1232 815 1295 soli
839 1231 932 1295 matri
946 1232 1134 1314 integritatis
1150 1248 1212 1294 non
1231 1228 1396 1312 praeberet

255 1335 448 1418 dignitatem.
496 1335 667 1417 spirituc,
701 1336 810 1416 inquit,
842 1339 995 1398 sanctus
1026 1335 1269 1416 superueniet
1294 1335 1331 1397 in
1359 1337 1395 1398 te

256 1441 291 1502 et
320 1439 439 1502 uirtus
472 1438 652 1503 altissimi
682 1439 922 1504 obumbrabit
949 1443 994 1502 te.
1047 1439 1179 1522 dignum
1201 1439 1294 1521 plane
1318 1441 1394 1516 erat,

204 1568 228 1606 ro
255 1545 291 1604 ut
312 1542 410 1625 regali
433 1543 629 1606 honestanda
652 1546 752 1606 mater
774 1547 866 1624 partu
889 1543 975 1625 prius
992 1543 1135 1606 caelestis
1158 1543 1240 1625 regis
1257 1541 1395 1606 sanctifi·

255 1649 376 1709 caretur
403 1647 556 1730 ingressu.
603 1646 685 1710 unde
710 1647 870 1710 dominnm
900 1651 932 1710 et
955 1647 1142 1711 saluatorem
1167 1650 1394 1710 nostrumnon

255 1750 322 1813 ideo
353 1750 528 1832 simplicem
559 1751 719 1814 hominem
751 1751 925 1829 credamne,
956 1751 1030 1832 quia
1057 1755 1088 1814 et
1118 1751 1277 1815 hominem
1308 1750 1394 1813 nasci

256 1853 409 1918 uidemus.
456 1855 502 1916 fas
531 1872 592 1918 non
621 1859 679 1934 est,
707 1861 743 1919 ut
770 1872 832 1918 non
856 1855 932 1918 deus
955 1855 1108 1934 credatur,
1136 1855 1186 1918 cui
1207 1855 1393 1918 descensuro

257 1959 294 2021 ad
318 1962 417 2022 terras
441 1959 539 2022 adeo
562 1958 777 2023 habitaculum
804 1962 1017 2042 praeparatur.
1064 1959 1170 2022 diuina
1192 1959 1299 2041 itaque
1321 1977 1393 2041 ope

205 2088 230 2126 rs
255 2065 343 2126 rante
367 2062 507 2145 potentie
530 2063 683 2126 credentis
708 2063 829 2127 uiscera
856 2063 1064 2127 fecundantur
1087 2065 1119 2125 et
1145 2064 1176 2126 in
1204 2063 1290 2146 ligno
1313 2079 1393 2125 mor·

255 2167 310 2230 tali
340 2167 423 2230 uitae
455 2167 546 2230 arbor
573 2167 719 2230 inseritur
753 2172 786 2231 et
815 2171 943 2249 portans
971 2167 1003 2230 in
1031 2185 1065 2230 se
1092 2167 1198 2231 omnia
1227 2167 1326 2230 uirtus
1354 2165 1392 2229 ab

254 2270 435 2334 infirmitate
458 2274 599 2352 portatur
627 2275 667 2350 ct,
699 2271 749 2352 qui
774 2274 867 2351 terra,
898 2271 978 2334 mari
1001 2272 1146 2352 caeloque
1169 2289 1232 2335 non
1261 2271 1392 2353 capitur,

255 2375 338 2439 intra
368 2375 460 2439 unius
492 2375 665 2457 corpusculi
697 2374 840 2438 membra
869 2376 1046 2456 suscipitur.
1097 2376 1135 2438 de
1165 2378 1309 2439 creatura
1338 2393 1393 2437 sua

258 2482 379 2543 creator
394 2479 535 2542 omnium
559 2479 697 2543 nascitur
713 2482 745 2543 et
761 2478 798 2542 de
821 2479 921 2542 riuulo
937 2497 993 2544 suo
1015 2480 1085 2543 fons
1102 2497 1235 2562 magnus
1251 2478 1393 2556 exoritur,

202 2612 229 2650 ro
255 2583 341 2648 radix
364 2583 503 2648 omnium
527 2583 565 2647 de
592 2583 730 2666 uirgulto
754 2601 810 2646 suo
837 2583 977 2647 nascitur
1000 2586 1031 2646 et
1057 2583 1129 2646 uitis
1157 2601 1233 2646 uera
1258 2582 1393 2665 palmitis

256 2688 305 2752 sui
331 2687 450 2751 fructus
474 2686 616 2750 efficitur.

298 2790 400 2856 Adest
423 2809 493 2854 ecce
517 2791 769 2873 exoptatissimus
793 2792 857 2856 dies
881 2793 982 2875 gratia
1004 2791 1164 2874 geminata
1183 2791 1392 2874 resplendens,

256 2895 388 2960 candore
418 2894 545 2977 quidem
575 2896 715 2958 consueti
748 2895 878 2959 luminis
909 2896 1107 2974 inlustratus,
1141 2895 1197 2958 sed
1231 2894 1392 2979 praecipue

255 3000 405 3064 radiantis
434 3000 513 3064 uteri
544 2999 665 3082 fulgore
692 3016 870 3062 coruscans.
921 2999 1125 3063 confiteamur
1152 3017 1226 3083 ergo
1253 2998 1392 3080 inprimis

203 3131 229 3171 rs
256 3122 353 3169 unum
377 3104 470 3168 deum
500 3103 661 3168 dominum
691 3107 831 3168 nostrum
861 3107 892 3167 et
920 3123 981 3168 non
1011 3105 1163 3188 supererit
1186 3105 1275 3183 alter,
1302 3121 1393 3185 quem

257 3209 408 3273 minorem
432 3208 534 3273 dicere
557 3209 723 3290 possimus.
770 3209 825 3291 qui
848 3210 933 3272 enim
956 3227 1053 3272 uuum
1077 3210 1239 3289 maiorem,
1262 3208 1393 3272 alterum

256 3313 408 3378 minorem
436 3313 588 3394 loquitur,
617 3313 694 3377 duos
723 3331 756 3376 se
784 3332 912 3377 necesse
936 3316 984 3377 est
1006 3313 1079 3377 deos
1107 3313 1243 3377 fateatur
1269 3310 1391 3376 habere,

256 3417 417 3482 credamus
446 3417 551 3499 itaque
581 3436 679 3482 unum
711 3417 815 3497 deum,
845 3423 967 3500 patrem
998 3422 1031 3482 et
1061 3417 1160 3481 filium
1192 3420 1224 3480 et
1252 3417 1392 3498 spiritum

256 3525 411 3602 sanctum,
440 3525 502 3586 tres
529 3539 690 3605 personas,
719 3541 781 3586 non
805 3525 867 3585 tres
891 3520 1095 3601 substantias,
1125 3521 1185 3585 tria
1212 3521 1339 3585 nomina
1364 3523 1394 3583 et

358 3719 387 3788 8]
407 3719 469 3774 Luc.
485 3722 508 3784 1,
521 3721 565 3776 35.

300 3909 441 3966 lindacta
459 3910 488 3965 D
552 3912 669 3966 2carna
686 3910 716 3965 D
767 3911 860 3966 uuita
878 3909 907 3966 D
959 3865 1112 3980 luirgines
1130 3911 1160 3966 D
1211 3909 1393 3967 5mirruruD

255 3997 465 4068 dconcaepitur
487 3998 516 4051 D
584 3996 655 4050 enim
677 4015 813 4066 suprascr.
832 3999 862 4054 D
932 3996 1094 4053 lbraberet
1116 3999 1156 4053 D¹
1215 3998 1347 4066 sinqmd
1363 3997 1392 4052 D

255 4083 465 4142 bobumbrauit
490 4085 519 4138 D
588 4085 620 4138 12
642 4082 686 4136 ido
705 4085 745 4138 D¹
796 4087 828 4140 13
855 4084 994 4139 diceusuro
1017 4086 1047 4140 D
1109 4088 1141 4140 15
1165 4083 1343 4140 fecundantur
1363 4084 1392 4138 D

256 4200 289 4253 16
317 4197 374 4251 uita
401 4197 431 4252 D
501 4199 535 4252 22
556 4161 709 4266 τεερίοιιάἔε
738 4198 768 4251 D
838 4199 872 4251 24
907 4197 1035 4251 radiantia
1066 4198 1095 4251 D
1164 4197 1339 4252 conliteamur
1360 4223 1390 4234 -

251 4282 508 4354 p.229,29dehac
520 4284 578 4338 uita
589 4283 903 4354 transituridccatopcd
914 4284 985 4355 Aac.
1040 4285 1144 4340 2dund
1162 4285 1246 4340 Dbr's
1292 4285 1390 4341 astra

255 4377 370 4442 utroque
387 4373 443 4426 loco
463 4371 492 4426 D
