3100 4892
258 410 317 474 108
634 412 669 465 II.
689 412 733 465 De
751 412 873 484 spiritu
892 416 1004 466 sancto

297 587 357 653 Sed
380 589 469 651 dicis:
493 589 567 670 quid
589 589 665 653 mihi
680 590 800 671 profers
817 590 945 655 unitatis
962 608 998 654 ac
1014 590 1165 654 trinItatis
1181 590 1288 671 uerba,
1313 609 1388 672 quae

252 694 286 757 in
315 688 463 757 canonica
484 694 615 757 lectione
638 713 700 758 non
722 695 868 759 iuuenis?
904 712 964 759 non
990 696 1115 775 mirum,
1146 696 1230 776 siis,
1262 697 1317 778 qui
1343 697 1389 761 in·

252 798 339 881 gredi
359 817 421 862 non
437 802 572 861 meretur
587 800 760 880 penetralia
775 800 895 880 solutio,
920 801 1096 882 expauesoit
1111 818 1147 864 ac
1161 802 1277 885 refugit
1293 803 1386 866 etiam

252 903 368 967 ostium
390 904 540 967 ueritatis,
564 903 638 986 quid
661 904 744 967 enim
768 908 834 968 tam
854 906 1038 987 proximum,
1062 909 1127 969 tam
1148 906 1299 985 naturale,
1324 910 1388 970 tam

200 1034 213 1074 o
250 1009 422 1091 proprium,
445 1026 539 1090 quam
561 1012 597 1072 ut
619 1008 657 1071 de
680 1026 741 1073 uno
764 1010 877 1089 unitas,
902 1010 939 1073 de
960 1010 1059 1075 tribus
1082 1010 1210 1075 trinitas·
1229 1011 1388 1075 catholicis

250 1116 376 1194 patrum
398 1111 629 1176 definitionibus
653 1116 871 1195 nuncupetur?
895 1132 957 1178 non
981 1134 1017 1179 er
1040 1134 1073 1178 se
1097 1114 1292 1179 discutienda
1314 1120 1389 1179 sunt

251 1217 357 1296 uerba,
388 1234 468 1299 quae
496 1216 533 1279 de
559 1217 815 1299 praecedentibus
838 1220 986 1301 pendent,
1016 1238 1073 1283 nec
1097 1237 1171 1283 sanc
1194 1238 1387 1301 consequens

251 1325 308 1401 est,
331 1325 365 1385 ut
387 1322 551 1403 peregrina
573 1321 758 1402 iudicentur,
789 1340 868 1404 quae
892 1342 928 1387 er
950 1340 1012 1387 uno
1037 1328 1067 1387 et
1089 1323 1200 1404 tribue,
1223 1324 1255 1388 id
1279 1328 1326 1388 est
1349 1324 1387 1387 dc

251 1424 410 1489 manifesti
433 1426 547 1489 exordii
569 1427 756 1508 proprietate
780 1432 959 1491 nascuntur.
999 1429 1135 1509 aduerte,
1159 1429 1317 1511 quianon
1340 1434 1389 1493 est

199 1556 225 1594 ιο
249 1529 502 1612 praesumptiuus
526 1534 655 1611 uterque
679 1530 731 1594 hic
754 1550 865 1612 sermo,
890 1532 944 1596 sed
960 1533 1161 1597 deriuatiuus
1199 1551 1279 1616 quae
1295 1550 1388 1597 uoca-

248 1632 324 1697 bula
347 1651 365 1697 a
387 1637 525 1715 tempore
547 1635 723 1717 primitiuae
748 1636 897 1700 ccclesiae
922 1638 1090 1719 antiquitas
1118 1637 1249 1718 inuenit,
1280 1642 1388 1702 aucto·

248 1740 324 1802 ritas
347 1739 486 1821 protulit,
510 1742 595 1803 actas
618 1740 713 1825 longa
734 1739 881 1804 firmauit.

791 1967 844 2031 VI.

248 2129 316 2170 DUM
335 2128 445 2171 seems
460 2129 571 2170 PATRIS
586 2128 688 2171 erolus
704 2129 842 2189 DIGITUB,
858 2129 952 2171 PATRI
968 2130 1158 2179 ennoduuus
1174 2130 1382 2174 douoscrumr.

198 2286 222 2326 15
291 2262 417 2346 Suscipe
434 2264 472 2327 de
488 2265 583 2328 sacris
599 2264 808 2329 uoluminibus
825 2266 1011 2330 trinitatem:
1035 2267 1072 2330 in
1091 2266 1274 2349 principio
1294 2268 1386 2332 fecit

248 2369 337 2431 deus
361 2369 504 2432 caelum
528 2371 563 2431 et
585 2372 722 2433 terram
746 2374 781 2433 et
804 2370 961 2453 spiritus
982 2370 1040 2434 dei
1060 2370 1254 2435 ferebatur
1275 2391 1386 2454 super

248 2491 369 2555 aquas.
405 2477 493 2555 pater
516 2477 632 2553 auctor,
656 2492 851 2555 aequaeuam
874 2474 1059 2558 principium
1083 2475 1175 2556 filine,
1201 2476 1384 2558 superfusus

248 2578 335 2659 aquis
366 2578 492 2659 spiritus
524 2582 661 2642 sanctus.
700 2597 794 2660 super
824 2597 920 2661 aquae
950 2582 1056 2661 itaque
1086 2580 1276 2645 dominantis
1308 2582 1386 2645 emi·

247 2683 354 2746 nentia
369 2682 527 2746 ferebatur
542 2683 605 2745 iam
621 2686 700 2763 tum,
724 2684 825 2764 credo,
848 2684 997 2766 baptismi
1013 2704 1144 2749 munero
1159 2685 1385 2769 praefigurans.

196 2811 221 2848 κο
246 2788 279 2850 in
302 2787 442 2851 faciendo
465 2804 587 2868 quoque
610 2787 737 2851 homine
761 2808 794 2852 se
818 2806 880 2853 non
904 2791 1006 2869 anino,
1037 2790 1091 2853 sed
1118 2791 1214 2855 trium
1236 2809 1387 2873 persona·

246 2910 317 2955 rum
347 2910 423 2974 opus
454 2910 522 2955 esse
552 2890 747 2956 demonstrat
777 2893 860 2957 trina
889 2894 1031 2976 repetitio
1059 2895 1191 2959 deitatis.
1230 2896 1274 2959 ita
1302 2897 1385 2959 enim

246 2995 394 3078 legimus:
418 2999 454 3059 et
474 2995 567 3060 dixit
586 2984 688 3059 deus:
712 2998 894 3061 faciamus
914 2998 1099 3063 hominem
1120 3000 1163 3063 ad
1184 3000 1384 3083 imaginem

247 3104 283 3163 et
313 3099 599 3164 similitudinem
630 3105 806 3165 nostram.
846 3102 973 3166 aduerte
1005 3104 1190 3168 sententiam
1218 3104 1250 3168 in
1273 3124 1386 3187 propo·

247 3204 356 3267 sitione
386 3203 571 3286 simplicem,
601 3206 633 3268 in
663 3206 866 3288 responsione
889 3207 1103 3289 multiplicem.
1143 3212 1173 3272 et
1196 3208 1270 3273 dixit
1293 3208 1385 3273 deus:

194 3332 219 3369 25
246 3308 397 3371 faciamus
420 3308 590 3372 hominem.
631 3310 704 3391 quid
729 3313 776 3373 est
800 3310 894 3391 aliud,
926 3311 985 3374 nisi
1016 3312 1088 3393 quia
1115 3312 1293 3377 substantia
1315 3314 1385 3377 uni·

244 3412 318 3475 tatis
347 3412 483 3493 loquitur
514 3416 544 3477 et
572 3415 711 3495 potentia
741 3414 888 3477 trinitatis
919 3418 1085 3496 operatur?
1124 3417 1277 3499 perspice,
1310 3435 1385 3498 quo-

244 3516 335 3580 modo
358 3516 440 3579 trina
462 3517 528 3579 uice
551 3534 665 3581 nomen
694 3518 744 3581 dei
766 3518 799 3581 in
823 3519 978 3583 creatione
1009 3519 1144 3584 hominis
1174 3526 1382 3604 nuncupatur.

349 3730 394 3800 15]
413 3730 478 3785 Gen.
493 3736 515 3796 1,
532 3734 554 3787 l.
609 3733 654 3802 22]
674 3732 739 3787 Gen.
755 3735 778 3800 l,
791 3736 832 3789 26.

290 3929 404 3985 lmichi
422 3931 450 3983 P
517 3930 629 3999 proferis
652 3932 678 3984 V
745 3933 891 4001 dostium]
911 3934 1129 3991 testimoniumo
1199 3940 1269 3991 5ut
1287 3956 1337 3993 ono.
1360 3940 1387 3991 P

243 4016 383 4070 katholicis
405 4018 431 4071 V
489 4018 643 4086 6patrum]
661 4019 813 4086 primumn
866 4020 1072 4075 diffinitionibus
1092 4023 1119 4076 P
1174 4026 1340 4093 noncupetur
1358 4025 1386 4079 P

244 4103 463 4160 Sindicenturo
535 4107 566 4160 10
585 4104 745 4158 diriuatiuus
763 4108 820 4162 PV
889 4110 918 4163 11
944 4107 1082 4161 aecclesiae
1105 4110 1131 4163 V
1199 4113 1231 4165 12
1254 4112 1387 4165 aestasV

245 4192 277 4244 14
296 4189 394 4243 dicitur
411 4189 522 4244 filinsP
574 4193 606 4245 17
619 4194 810 4260 aequaeuusV
859 4193 992 4249 filiusoot.
1008 4197 1035 4249 P
1088 4199 1118 4251 19
1134 4194 1198 4249 dum
1215 4198 1261 4263 1⁷¹,
1280 4200 1345 4250 tunc
1359 4198 1385 4251 P

242 4274 383 4329 babtissmi
401 4278 429 4330 P
487 4276 606 4344 figurans
627 4279 654 4331 P
710 4282 745 4334 20
763 4296 790 4332 se
808 4298 858 4335 om.
878 4282 906 4335 P
956 4284 990 4336 22
1009 4281 1074 4335 dicit
1092 4284 1120 4337 P
1170 4284 1203 4338 23
1221 4283 1382 4352 propositio-

244 4363 305 4415 nem
331 4363 357 4418 V
