3100 4892
650 382 747 437 Liber
764 383 794 437 Π
813 386 852 439 10.
1282 386 1322 449 87

186 563 215 623 et
234 560 419 624 caelestium
442 562 643 626 conditorem.
674 580 748 626 uam
771 560 846 625 dum
869 562 962 626 homo
986 562 1150 627 colendum
1174 581 1242 627 esse
1266 564 1323 627 ali-

184 665 256 746 quid
277 664 400 747 probat,
424 665 490 748 ipse
512 666 692 731 intellectus
714 666 835 731 colendi
851 666 970 731 crimen
985 667 1153 731 conditoris
1174 667 1319 731 ostendit.

183 769 335 851 quomodo
367 770 449 834 enim
479 771 637 855 religionis
666 770 778 835 halruit
812 774 961 836 sensum?
999 771 1170 836 inuenisset
1200 771 1318 853 absque

182 874 276 938 dubio
299 875 403 955 deum,
430 876 456 939 si
479 875 653 956 inquirendi
676 875 830 959 adponere
853 876 1005 940 uoluisset
1027 874 1174 940 allectum
1198 876 1321 940 dicente

181 980 320 1045 domiuo:
355 981 525 1062 quaerite
548 985 584 1045 et
606 981 823 1045 inuenietis.
862 998 933 1044 cum
958 980 1042 1045 enim
1065 999 1154 1045 meus
1182 982 1321 1045 humana
1360 1006 1373 1044 s

180 1087 220 1149 ad
242 1085 413 1150 uidendum
435 1086 541 1150 oeulos
565 1086 730 1169 aperuerit,
761 1088 872 1150 stetim
902 1104 935 1149 se
967 1084 1156 1149 desideranti
1179 1085 1322 1167 quaesita

178 1191 232 1254 lux
254 1191 378 1275 ingerit.
401 1191 531 1272 ideoque
553 1191 603 1255 ler
625 1190 709 1254 intus
732 1190 849 1255 inserta
872 1190 976 1255 docuit
997 1189 1242 1270 uenerationem,
1265 1190 1320 1253 sed

179 1296 379 1379 neglegentia
407 1299 439 1359 et
462 1296 658 1359 coutumacia
679 1295 822 1359 inuenire
845 1312 908 1359 uou
931 1294 1046 1358 meruit
1074 1294 1250 1358 ueritatem.
1289 1297 1322 1358 et

179 1403 344 1482 propterea
373 1399 448 1463 dum
478 1418 512 1463 se
540 1400 671 1464 mortuis
695 1398 870 1463 simulacris
895 1402 924 1462 et
951 1397 1058 1482 figuris
1087 1396 1320 1463 insensibilibus

178 1503 365 1587 figmentum
388 1504 523 1568 caeleste
544 1504 725 1587 prosternit,
749 1503 896 1567 iniuriam
920 1519 982 1567 non
1003 1502 1105 1567 solum
1120 1502 1241 1582 factori,
1265 1503 1319 1566 sed
1347 1527 1373 1567 ro

179 1612 210 1673 et
239 1607 272 1671 in
303 1627 337 1672 se
367 1608 507 1673 iacturae
537 1626 612 1672 suae
642 1608 749 1673 intulit
779 1611 810 1671 et
840 1607 1057 1671 erubescendis
1088 1610 1189 1671 semet
1215 1606 1319 1688 ipsum

178 1714 376 1777 coutumeliis
405 1713 549 1796 propriae
582 1714 736 1777 inmemor
769 1712 988 1796 generositatis
1023 1711 1127 1776 affecit
1160 1714 1253 1793 atque
1284 1730 1320 1775 ex

178 1835 280 1881 errore
302 1818 370 1899 ipso
389 1835 523 1899 poenam
538 1818 655 1901 recepit
671 1817 793 1897 erroris,
817 1816 898 1880 sicut
913 1817 958 1880 ait
973 1816 1146 1899 apostolus:
1171 1819 1207 1880 et
1229 1834 1320 1880 mer·

178 1921 318 2002 cedem,
342 1939 450 2003 quam
470 1922 649 2004 oportuit,
671 1921 806 1985 erroris
828 1920 884 1984 sui
904 1921 940 1985 iu
964 1924 1082 1984 semet
1103 1920 1204 2003 ipsos
1227 1920 1319 1984 reci-

176 2026 332 2109 pientes.
371 2029 409 2090 et
431 2027 529 2090 siout
550 2044 622 2091 non
644 2024 901 2108 probauerunt
920 2024 1026 2089 deum
1046 2024 1183 2088 habere
1203 2026 1239 2088 in
1259 2042 1319 2089 no·
1347 2050 1371 2089 re

176 2131 276 2211 titia,
319 2130 478 2196 tradidit
516 2148 576 2195 eos
614 2131 704 2194 deus
742 2131 779 2195 in
817 2129 1013 2212 reprobum
1052 2148 1213 2193 sensum.
1267 2128 1318 2193 hic

175 2234 302 2300 rebellis
332 2254 443 2299 seusus
477 2240 587 2317 sponte
620 2237 783 2316 corruptus
817 2250 880 2297 nou
914 2234 1067 2298 uiolenter
1101 2233 1224 2297 ablatus
1259 2235 1315 2297 est.

176 2340 285 2421 siout,
314 2340 426 2421 iuquit,
454 2358 525 2405 nou
547 2339 803 2423 probauerunt
825 2338 930 2403 deum
954 2338 1090 2403 habere
1111 2338 1147 2402 iu
1167 2337 1317 2417 notitia,

177 2444 332 2508 tradidit
362 2463 424 2508 eos
454 2445 542 2508 deus
572 2445 609 2508 iu
636 2442 835 2526 reprobum
862 2461 1022 2507 sensum.
1061 2444 1112 2525 qui
1135 2461 1191 2525 pro
1214 2442 1317 2506 causis

175 2548 434 2630 praecedentibus
465 2548 699 2631 derelinquitur,
729 2567 791 2613 nou
822 2546 887 2612 fato
917 2548 1084 2631 premitur,
1119 2547 1173 2611 sed
1203 2546 1317 2611 iudicio
1344 2572 1370 2610 1ο

175 2652 369 2734 reprobatur.

218 2756 305 2837 Quod
335 2758 362 2821 si
391 2759 541 2839 requiras,
571 2759 654 2823 unde
684 2757 816 2822 indoctis
839 2754 1017 2821 nationibus
1041 2757 1073 2821 in
1102 2756 1156 2820 illa
1178 2757 1317 2839 ingenita

175 2862 297 2925 feritate
319 2866 494 2945 peccatum,
518 2862 599 2926 unde
623 2862 683 2925 nisi
705 2881 761 2943 per
784 2862 881 2926 animi
905 2866 1026 2925 motum
1047 2860 1223 2943 mentisque
1244 2878 1317 2924 con-

174 2970 325 3031 sensum?
347 2967 479 3049 deuique
500 2967 635 3050 pecudes
659 2970 690 3029 et
712 2965 806 3030 bruta
829 2967 1001 3030 animantia
1023 2984 1042 3030 a
1063 2970 1191 3049 peceato
1215 2966 1316 3029 omui-

173 3071 274 3135 modis
304 3070 403 3136 bbere
433 3077 516 3153 sunt,
547 3072 619 3154 quia
649 3071 843 3134 discretionis
874 3072 980 3135 nescia
1003 3074 1035 3135 et
1056 3070 1184 3135 rationis
1207 3071 1316 3154 ignara
1342 3096 1368 3133 25

173 3180 257 3241 suut¹
292 3180 328 3240 tu
350 3177 534 3241 deteriorem
556 3176 675 3260 pecude
699 3175 857 3240 hominem
878 3176 965 3240 facis.
1002 3194 1056 3239 our
1077 3176 1161 3239 enim
1177 3174 1206 3238 ei
1220 3175 1316 3239 relin-

131 3320 133 3324 -
173 3283 242 3362 quis
264 3284 441 3363 peccatum,
471 3282 521 3345 cui
543 3282 626 3345 tollis
651 3281 836 3346 arbitrium?
875 3284 930 3343 aut
960 3280 986 3343 si
1018 3298 1089 3343 eum
1113 3278 1220 3343 subdis
1243 3298 1315 3361 pec-

172 3390 251 3465 cato,
282 3386 346 3449 noli
376 3386 499 3467 priuare
530 3386 650 3450 iudicio.
687 3404 750 3451 uon
781 3402 853 3468 ergo
881 3384 1049 3449 mentiatur
1072 3383 1220 3466 iniquitas
1245 3383 1313 3448 sibi.

172 3490 271 3570 uouit,
299 3490 374 3571 quid
396 3491 429 3553 iu
451 3490 571 3555 occulto
593 3490 713 3555 homini
736 3489 857 3554 dederit
879 3489 1018 3572 cognitor
1041 3489 1242 3553 occultorum.
1282 3492 1315 3552 et

170 3594 240 3659 ideo
264 3594 389 3676 quando
412 3593 451 3659 ab
475 3612 511 3659 eo
534 3595 665 3677 quisque
687 3613 744 3676 pro
766 3594 849 3659 mulo
873 3612 964 3676 opere
987 3594 1151 3676 corripitur
1182 3597 1214 3658 et
1241 3610 1314 3657 con·
1340 3618 1366 3655 uo

275 3774 304 3844 5]
322 3774 419 3829 naeu.
433 3778 457 3839 r,
471 3778 494 3830 r.
549 3776 593 3845 re]
612 3775 689 3830 nom.
704 3777 727 3840 1,
739 3777 781 3830 nr.

215 3940 351 4007 laliquid
370 3942 398 3993 P
413 3942 454 3995 bre
506 3942 684 3995 3ceusumo
736 3939 852 4007 absquae
870 3942 897 3993 P
948 3940 1116 4008 5queeritee
1134 3940 1161 3993 P
1213 3942 1313 3993 'lcum

169 4029 274 4095 ingeret
290 4028 483 4084 ecribmdum?
541 4027 675 4083 incertae
731 4026 931 4095 Bnegligentia
948 4028 976 4081 P
1033 4029 1063 4082 11
1088 4026 1268 4079 erubisceudis
1287 4027 1315 4079 P

172 4118 204 4170 12
217 4114 361 4183 adquaeP
407 4117 439 4169 ll
452 4118 536 4167 semet
547 4115 640 4183 ipsiso
688 4114 885 4170 15notitiamc
934 4118 966 4171 18
979 4115 1142 4169 notitiamP
1187 4116 1220 4168 20
1237 4129 1311 4191 prae-

170 4228 254 4281 mitur
272 4229 299 4282 P
355 4230 391 4283 22
408 4227 518 4296 ligerito
535 4228 564 4282 P
613 4230 647 4283 23
665 4227 831 4295 mentisqnae
850 4228 877 4281 P
927 4230 961 4281 26
984 4228 1038 4280 sint
1056 4228 1084 4281 P
1134 4192 1266 4293 relinques
1287 4227 1315 4281 P

170 4343 204 4395 aa
222 4339 320 4393 recreo
337 4342 365 4396 P
416 4342 449 4396 ao
467 4307 555 4394 obuia
574 4342 601 4395 P
652 4337 802 4393 oculorum
822 4341 850 4394 P
901 4342 934 4395 ao
953 4340 1079 4409 quisquae
1096 4340 1124 4395 Ρ
