<?xml version="1.0" encoding="UTF-8"?>
<!DOCTYPE html PUBLIC "-//W3C//DTD XHTML 1.0 Transitional//EN"
    "http://www.w3.org/TR/xhtml1/DTD/xhtml1-transitional.dtd">
<html xmlns="http://www.w3.org/1999/xhtml" xml:lang="en" lang="en">
 <head>
  <title>
</title>
<meta http-equiv="Content-Type" content="text/html;charset=utf-8" />
  <meta name='ocr-system' content='tesseract 3.04.00' />
  <meta name='ocr-capabilities' content='ocr_page ocr_carea ocr_par ocr_line ocrx_word'/>
</head>
<body>
  <div class='ocr_page' id='page_1' title='image "./corpusscriptoru19wiengoog_0158.png"; bbox 0 0 3100 4892; ppageno 0'>
   <div class='ocr_carea' id='block_1_1' title="bbox 234 410 907 479">
    <p class='ocr_par' dir='ltr' id='par_1_1' title="bbox 234 410 907 479">
     <span class='ocr_line' id='line_1_1' title="bbox 234 410 907 479; baseline -0.001 -15"><span class='ocrx_word' id='word_1_1' title='bbox 234 412 277 477; x_wconf 72' lang='lat'><strong>72</strong></span> <span class='ocrx_word' id='word_1_2' title='bbox 695 410 717 465; x_wconf 87' lang='lat'><strong>1.</strong></span> <span class='ocrx_word' id='word_1_3' title='bbox 735 410 782 464; x_wconf 88' lang='lat' dir='ltr'><strong>De</strong></span> <span class='ocrx_word' id='word_1_4' title='bbox 799 410 907 479; x_wconf 79' lang='lat' dir='ltr'><strong>gratis</strong></span> 
     </span>
    </p>
   </div>
   <div class='ocr_carea' id='block_1_2' title="bbox 181 584 1372 3799">
    <p class='ocr_par' dir='ltr' id='par_1_2' title="bbox 181 584 1372 3799">
     <span class='ocr_line' id='line_1_2' title="bbox 235 584 1369 670; baseline -0.003 -18"><span class='ocrx_word' id='word_1_5' title='bbox 235 586 395 669; x_wconf 90' lang='lat' dir='ltr'><strong>probatur,</strong></span> <span class='ocrx_word' id='word_1_6' title='bbox 427 587 460 650; x_wconf 95' lang='lat' dir='ltr'><strong>in</strong></span> <span class='ocrx_word' id='word_1_7' title='bbox 489 585 609 650; x_wconf 91' lang='lat' dir='ltr'><strong>iuniore</strong></span> <span class='ocrx_word' id='word_1_8' title='bbox 639 585 716 650; x_wconf 90' lang='lat' dir='ltr'><strong>fides</strong></span> <span class='ocrx_word' id='word_1_9' title='bbox 746 586 874 670; x_wconf 85' lang='lat' dir='ltr'><strong>gentilis</strong></span> <span class='ocrx_word' id='word_1_10' title='bbox 905 586 1037 669; x_wconf 85' lang='lat' dir='ltr'><strong>eligitur.</strong></span> <span class='ocrx_word' id='word_1_11' title='bbox 1077 586 1183 667; x_wconf 90' lang='lat' dir='ltr'><strong>itaque</strong></span> <span class='ocrx_word' id='word_1_12' title='bbox 1212 586 1280 668; x_wconf 90' lang='lat' dir='ltr'><strong>ipse</strong></span> <span class='ocrx_word' id='word_1_13' title='bbox 1311 584 1369 650; x_wconf 90' lang='lat' dir='ltr'><strong>sibi</strong></span> 
     </span>
     <span class='ocr_line' id='line_1_3' title="bbox 235 690 1368 775; baseline -0.001 -19"><span class='ocrx_word' id='word_1_14' title='bbox 235 692 360 756; x_wconf 88' lang='lat' dir='ltr'><strong>obducit</strong></span> <span class='ocrx_word' id='word_1_15' title='bbox 387 691 580 775; x_wconf 85' lang='lat' dir='ltr'><strong>ignorantiae</strong></span> <span class='ocrx_word' id='word_1_16' title='bbox 610 690 755 770; x_wconf 76' lang='lat' dir='ltr'><strong>nebulaS,</strong></span> <span class='ocrx_word' id='word_1_17' title='bbox 787 690 840 772; x_wconf 92' lang='lat' dir='ltr'><strong>qui</strong></span> <span class='ocrx_word' id='word_1_18' title='bbox 870 709 932 755; x_wconf 92' lang='lat' dir='ltr'><strong>non</strong></span> <span class='ocrx_word' id='word_1_19' title='bbox 963 694 1029 754; x_wconf 90' lang='lat' dir='ltr'><strong>tam</strong></span> <span class='ocrx_word' id='word_1_20' title='bbox 1059 690 1221 772; x_wconf 90' lang='lat' dir='ltr'><strong>scripturis</strong></span> <span class='ocrx_word' id='word_1_21' title='bbox 1252 690 1368 755; x_wconf 89' lang='lat' dir='ltr'><strong>sanctis</strong></span> 
     </span>
     <span class='ocr_line' id='line_1_4' title="bbox 235 794 1369 879; baseline -0.002 -18"><span class='ocrx_word' id='word_1_22' title='bbox 235 796 361 879; x_wconf 89' lang='lat' dir='ltr'><strong>sequaci</strong></span> <span class='ocrx_word' id='word_1_23' title='bbox 391 815 485 861; x_wconf 91' lang='lat' dir='ltr'><strong>sensu</strong></span> <span class='ocrx_word' id='word_1_24' title='bbox 516 815 550 859; x_wconf 90' lang='lat' dir='ltr'><strong>se</strong></span> <span class='ocrx_word' id='word_1_25' title='bbox 580 795 810 875; x_wconf 88' lang='lat' dir='ltr'><strong>accommodat,</strong></span> <span class='ocrx_word' id='word_1_26' title='bbox 846 813 942 877; x_wconf 91' lang='lat' dir='ltr'><strong>qnam</strong></span> <span class='ocrx_word' id='word_1_27' title='bbox 976 795 1145 877; x_wconf 88' lang='lat' dir='ltr'><strong>scripturas</strong></span> <span class='ocrx_word' id='word_1_28' title='bbox 1175 798 1301 859; x_wconf 86' lang='lat' dir='ltr'><strong>sanetus</strong></span> <span class='ocrx_word' id='word_1_29' title='bbox 1332 794 1369 859; x_wconf 85' lang='lat' dir='ltr'><strong>ed</strong></span> 
     </span>
     <span class='ocr_line' id='line_1_5' title="bbox 234 899 1370 982; baseline -0.002 -17"><span class='ocrx_word' id='word_1_30' title='bbox 234 900 429 965; x_wconf 89' lang='lat' dir='ltr'><strong>intellectum</strong></span> <span class='ocrx_word' id='word_1_31' title='bbox 452 918 545 965; x_wconf 90' lang='lat' dir='ltr'><strong>suum</strong></span> <span class='ocrx_word' id='word_1_32' title='bbox 571 900 723 963; x_wconf 87' lang='lat' dir='ltr'><strong>uiolenter</strong></span> <span class='ocrx_word' id='word_1_33' title='bbox 750 899 914 963; x_wconf 79' lang='lat' dir='ltr'><strong>adtrahere</strong></span> <span class='ocrx_word' id='word_1_34' title='bbox 942 903 974 964; x_wconf 89' lang='lat' dir='ltr'><strong>et</strong></span> <span class='ocrx_word' id='word_1_35' title='bbox 999 899 1234 982; x_wconf 87' lang='lat' dir='ltr'><strong>praesumptiue</strong></span> <span class='ocrx_word' id='word_1_36' title='bbox 1261 899 1370 964; x_wconf 89' lang='lat' dir='ltr'><strong>nititur</strong></span> 
     </span>
     <span class='ocr_line' id='line_1_6' title="bbox 196 1003 1371 1089; baseline -0.003 -17"><span class='ocrx_word' id='word_1_37' title='bbox 196 1034 210 1073; x_wconf 81' lang='lat' dir='ltr'><strong>s</strong></span> <span class='ocrx_word' id='word_1_38' title='bbox 236 1005 392 1089; x_wconf 89' lang='lat' dir='ltr'><strong>applicare</strong></span> <span class='ocrx_word' id='word_1_39' title='bbox 420 1008 451 1069; x_wconf 90' lang='lat' dir='ltr'><strong>et</strong></span> <span class='ocrx_word' id='word_1_40' title='bbox 476 1004 508 1068; x_wconf 94' lang='lat' dir='ltr'><strong>id</strong></span> <span class='ocrx_word' id='word_1_41' title='bbox 534 1004 595 1068; x_wconf 88' lang='lat' dir='ltr'><strong>sibi</strong></span> <span class='ocrx_word' id='word_1_42' title='bbox 620 1022 676 1087; x_wconf 92' lang='lat' dir='ltr'><strong>pro</strong></span> <span class='ocrx_word' id='word_1_43' title='bbox 699 1008 793 1086; x_wconf 88' lang='lat' dir='ltr'><strong>captu</strong></span> <span class='ocrx_word' id='word_1_44' title='bbox 816 1022 872 1069; x_wconf 90' lang='lat' dir='ltr'><strong>suo</strong></span> <span class='ocrx_word' id='word_1_45' title='bbox 894 1004 1011 1070; x_wconf 90' lang='lat' dir='ltr'><strong>omissa</strong></span> <span class='ocrx_word' id='word_1_46' title='bbox 1040 1003 1293 1087; x_wconf 88' lang='lat' dir='ltr'><strong>praecedentium</strong></span> <span class='ocrx_word' id='word_1_47' title='bbox 1320 1004 1371 1069; x_wconf 90' lang='lat' dir='ltr'><strong>uel</strong></span> 
     </span>
     <span class='ocr_line' id='line_1_7' title="bbox 235 1108 1369 1192; baseline -0.001 -18"><span class='ocrx_word' id='word_1_48' title='bbox 235 1110 432 1192; x_wconf 89' lang='lat' dir='ltr'><strong>sequentium</strong></span> <span class='ocrx_word' id='word_1_49' title='bbox 461 1109 580 1174; x_wconf 88' lang='lat' dir='ltr'><strong>ratione</strong></span> <span class='ocrx_word' id='word_1_50' title='bbox 608 1109 786 1192; x_wconf 76' lang='lat' dir='ltr'>persuadet,</span> <span class='ocrx_word' id='word_1_51' title='bbox 820 1108 902 1173; x_wconf 91' lang='lat' dir='ltr'><strong>unde</strong></span> <span class='ocrx_word' id='word_1_52' title='bbox 935 1108 1060 1191; x_wconf 87' lang='lat' dir='ltr'><strong>penitus</strong></span> <span class='ocrx_word' id='word_1_53' title='bbox 1093 1109 1178 1190; x_wconf 87' lang='lat' dir='ltr'><strong>loqui</strong></span> <span class='ocrx_word' id='word_1_54' title='bbox 1212 1109 1369 1191; x_wconf 89' lang='lat' dir='ltr'><strong>apostolus</strong></span> 
     </span>
     <span class='ocr_line' id='line_1_8' title="bbox 235 1212 1370 1296; baseline -0.002 -17"><span class='ocrx_word' id='word_1_55' title='bbox 235 1232 298 1279; x_wconf 94' lang='lat' dir='ltr'><strong>non</strong></span> <span class='ocrx_word' id='word_1_56' title='bbox 320 1214 464 1279; x_wconf 75' lang='lat' dir='ltr'><strong>instituit.</strong></span> <span class='ocrx_word' id='word_1_57' title='bbox 502 1213 582 1295; x_wconf 89' lang='lat' dir='ltr'><strong>quod</strong></span> <span class='ocrx_word' id='word_1_58' title='bbox 603 1213 630 1277; x_wconf 88' lang='lat' dir='ltr'><strong>si</strong></span> <span class='ocrx_word' id='word_1_59' title='bbox 650 1213 689 1277; x_wconf 89' lang='lat' dir='ltr'><strong>ad</strong></span> <span class='ocrx_word' id='word_1_60' title='bbox 708 1213 834 1296; x_wconf 87' lang='lat' dir='ltr'><strong>capituli</strong></span> <span class='ocrx_word' id='word_1_61' title='bbox 856 1213 965 1296; x_wconf 90' lang='lat' dir='ltr'><strong>ipsius,</strong></span> <span class='ocrx_word' id='word_1_62' title='bbox 987 1213 1026 1276; x_wconf 90' lang='lat' dir='ltr'><strong>de</strong></span> <span class='ocrx_word' id='word_1_63' title='bbox 1049 1230 1109 1296; x_wconf 90' lang='lat' dir='ltr'><strong>quo</strong></span> <span class='ocrx_word' id='word_1_64' title='bbox 1132 1212 1244 1296; x_wconf 85' lang='lat' dir='ltr'><strong>agitur,</strong></span> <span class='ocrx_word' id='word_1_65' title='bbox 1266 1231 1370 1277; x_wconf 89' lang='lat' dir='ltr'><strong>recur-</strong></span> 
     </span>
     <span class='ocr_line' id='line_1_9' title="bbox 234 1316 1371 1399; baseline -0.002 -16"><span class='ocrx_word' id='word_1_66' title='bbox 234 1336 286 1383; x_wconf 86' lang='lat' dir='ltr'><strong>ras</strong></span> <span class='ocrx_word' id='word_1_67' title='bbox 309 1318 479 1399; x_wconf 81' lang='lat' dir='ltr'><strong>exordium,</strong></span> <span class='ocrx_word' id='word_1_68' title='bbox 506 1334 598 1382; x_wconf 92' lang='lat' dir='ltr'><strong>omne</strong></span> <span class='ocrx_word' id='word_1_69' title='bbox 625 1316 743 1399; x_wconf 89' lang='lat' dir='ltr'><strong>absque</strong></span> <span class='ocrx_word' id='word_1_70' title='bbox 769 1318 835 1381; x_wconf 89' lang='lat' dir='ltr'><strong>ulla</strong></span> <span class='ocrx_word' id='word_1_71' title='bbox 861 1317 1046 1382; x_wconf 86' lang='lat' dir='ltr'><strong>difficultate</strong></span> <span class='ocrx_word' id='word_1_72' title='bbox 1074 1316 1243 1381; x_wconf 79' lang='lat' dir='ltr'><strong>declinabis</strong></span> <span class='ocrx_word' id='word_1_73' title='bbox 1271 1317 1371 1382; x_wconf 88' lang='lat' dir='ltr'><strong>ambi·</strong></span> 
     </span>
     <span class='ocr_line' id='line_1_10' title="bbox 235 1421 1370 1508; baseline -0.002 -21"><span class='ocrx_word' id='word_1_74' title='bbox 235 1442 343 1508; x_wconf 86' lang='lat' dir='ltr'><strong>guum.</strong></span> <span class='ocrx_word' id='word_1_75' title='bbox 393 1422 420 1486; x_wconf 92' lang='lat' dir='ltr'><strong>si</strong></span> <span class='ocrx_word' id='word_1_76' title='bbox 458 1422 608 1505; x_wconf 84' lang='lat' dir='ltr'><strong>magister</strong></span> <span class='ocrx_word' id='word_1_77' title='bbox 645 1422 787 1505; x_wconf 84' lang='lat' dir='ltr'><strong>gentium</strong></span> <span class='ocrx_word' id='word_1_78' title='bbox 826 1422 865 1485; x_wconf 91' lang='lat' dir='ltr'><strong>de</strong></span> <span class='ocrx_word' id='word_1_79' title='bbox 898 1422 1006 1505; x_wconf 86' lang='lat' dir='ltr'><strong>genesi</strong></span> <span class='ocrx_word' id='word_1_80' title='bbox 1039 1421 1203 1487; x_wconf 90' lang='lat' dir='ltr'><strong>hominnm</strong></span> <span class='ocrx_word' id='word_1_81' title='bbox 1237 1424 1370 1485; x_wconf 87' lang='lat' dir='ltr'><strong>tractare</strong></span> 
     </span>
     <span class='ocr_line' id='line_1_11' title="bbox 185 1524 1370 1609; baseline -0.003 -16"><span class='ocrx_word' id='word_1_82' title='bbox 185 1554 210 1593; x_wconf 84' lang='lat'><strong>10</strong></span> <span class='ocrx_word' id='word_1_83' title='bbox 235 1528 390 1609; x_wconf 91' lang='lat' dir='ltr'><strong>coepisset</strong></span> <span class='ocrx_word' id='word_1_84' title='bbox 416 1529 449 1590; x_wconf 88' lang='lat' dir='ltr'><strong>et</strong></span> <span class='ocrx_word' id='word_1_85' title='bbox 474 1526 589 1590; x_wconf 88' lang='lat' dir='ltr'><strong>diceret</strong></span> <span class='ocrx_word' id='word_1_86' title='bbox 614 1526 732 1590; x_wconf 91' lang='lat' dir='ltr'><strong>homini</strong></span> <span class='ocrx_word' id='word_1_87' title='bbox 758 1526 854 1590; x_wconf 90' lang='lat' dir='ltr'><strong>totins</strong></span> <span class='ocrx_word' id='word_1_88' title='bbox 878 1526 961 1590; x_wconf 86' lang='lat' dir='ltr'><strong>uitae</strong></span> <span class='ocrx_word' id='word_1_89' title='bbox 984 1544 1111 1589; x_wconf 90' lang='lat' dir='ltr'><strong>cursum</strong></span> <span class='ocrx_word' id='word_1_90' title='bbox 1137 1524 1255 1609; x_wconf 82' lang='lat' dir='ltr'><strong>origine</strong></span> <span class='ocrx_word' id='word_1_91' title='bbox 1282 1544 1370 1608; x_wconf 88' lang='lat' dir='ltr'><strong>prae·</strong></span> 
     </span>
     <span class='ocr_line' id='line_1_12' title="bbox 235 1628 1370 1713; baseline -0.002 -18"><span class='ocrx_word' id='word_1_92' title='bbox 235 1630 360 1695; x_wconf 89' lang='lat' dir='ltr'><strong>finitum</strong></span> <span class='ocrx_word' id='word_1_93' title='bbox 390 1632 422 1693; x_wconf 88' lang='lat' dir='ltr'><strong>et</strong></span> <span class='ocrx_word' id='word_1_94' title='bbox 451 1630 550 1713; x_wconf 85' lang='lat' dir='ltr'><strong>magis</strong></span> <span class='ocrx_word' id='word_1_95' title='bbox 581 1630 760 1694; x_wconf 87' lang='lat' dir='ltr'><strong>necessitati</strong></span> <span class='ocrx_word' id='word_1_96' title='bbox 791 1628 962 1709; x_wconf 89' lang='lat' dir='ltr'><strong>subditum,</strong></span> <span class='ocrx_word' id='word_1_97' title='bbox 992 1648 1087 1711; x_wconf 88' lang='lat' dir='ltr'><strong>quam</strong></span> <span class='ocrx_word' id='word_1_98' title='bbox 1117 1628 1214 1694; x_wconf 92' lang='lat' dir='ltr'><strong>libero</strong></span> <span class='ocrx_word' id='word_1_99' title='bbox 1243 1628 1370 1694; x_wconf 89' lang='lat' dir='ltr'><strong>arbitrio</strong></span> 
     </span>
     <span class='ocr_line' id='line_1_13' title="bbox 235 1734 1370 1816; baseline -0.001 -18"><span class='ocrx_word' id='word_1_100' title='bbox 235 1736 332 1798; x_wconf 85' lang='lat' dir='ltr'><strong>fuisse</strong></span> <span class='ocrx_word' id='word_1_101' title='bbox 362 1734 565 1797; x_wconf 91' lang='lat' dir='ltr'><strong>commissum</strong></span> <span class='ocrx_word' id='word_1_102' title='bbox 596 1752 641 1815; x_wconf 88' lang='lat' dir='ltr'><strong>eo,</strong></span> <span class='ocrx_word' id='word_1_103' title='bbox 672 1734 754 1816; x_wconf 93' lang='lat' dir='ltr'><strong>quod</strong></span> <span class='ocrx_word' id='word_1_104' title='bbox 784 1734 929 1799; x_wconf 90' lang='lat' dir='ltr'><strong>dominus</strong></span> <span class='ocrx_word' id='word_1_105' title='bbox 956 1734 1097 1798; x_wconf 90' lang='lat' dir='ltr'><strong>omnium</strong></span> <span class='ocrx_word' id='word_1_106' title='bbox 1123 1751 1179 1816; x_wconf 94' lang='lat' dir='ltr'><strong>pro</strong></span> <span class='ocrx_word' id='word_1_107' title='bbox 1206 1734 1370 1816; x_wconf 88' lang='lat' dir='ltr'><strong>potestatis</strong></span> 
     </span>
     <span class='ocr_line' id='line_1_14' title="bbox 235 1838 1370 1921; baseline -0.001 -18"><span class='ocrx_word' id='word_1_108' title='bbox 235 1843 314 1903; x_wconf 92' lang='lat' dir='ltr'><strong>nutu</strong></span> <span class='ocrx_word' id='word_1_109' title='bbox 352 1839 549 1920; x_wconf 87' lang='lat' dir='ltr'><strong>uiolentoque</strong></span> <span class='ocrx_word' id='word_1_110' title='bbox 586 1839 708 1903; x_wconf 93' lang='lat' dir='ltr'><strong>decreto</strong></span> <span class='ocrx_word' id='word_1_111' title='bbox 748 1839 824 1902; x_wconf 85' lang='lat' dir='ltr'><strong>alios</strong></span> <span class='ocrx_word' id='word_1_112' title='bbox 859 1840 1049 1920; x_wconf 88' lang='lat' dir='ltr'><strong>relinqueret</strong></span> <span class='ocrx_word' id='word_1_113' title='bbox 1083 1838 1122 1901; x_wconf 89' lang='lat' dir='ltr'><strong>ad</strong></span> <span class='ocrx_word' id='word_1_114' title='bbox 1154 1838 1370 1921; x_wconf 85' lang='lat' dir='ltr'><strong>perditionem,</strong></span> 
     </span>
     <span class='ocr_line' id='line_1_15' title="bbox 235 1942 1370 2026; baseline -0.001 -18"><span class='ocrx_word' id='word_1_115' title='bbox 235 1944 312 2008; x_wconf 89' lang='lat' dir='ltr'><strong>alios</strong></span> <span class='ocrx_word' id='word_1_116' title='bbox 335 1943 462 2026; x_wconf 85' lang='lat' dir='ltr'><strong>eligeret</strong></span> <span class='ocrx_word' id='word_1_117' title='bbox 483 1943 523 2006; x_wconf 90' lang='lat' dir='ltr'><strong>ad</strong></span> <span class='ocrx_word' id='word_1_118' title='bbox 545 1944 690 2024; x_wconf 89' lang='lat' dir='ltr'><strong>salutem,</strong></span> <span class='ocrx_word' id='word_1_119' title='bbox 713 1946 789 2008; x_wconf 90' lang='lat' dir='ltr'><strong>tunc</strong></span> <span class='ocrx_word' id='word_1_120' title='bbox 812 1943 943 2007; x_wconf 80' lang='lat' dir='ltr'><strong>forsitan</strong></span> <span class='ocrx_word' id='word_1_121' title='bbox 963 1942 1050 2007; x_wconf 89' lang='lat' dir='ltr'><strong>uelut</strong></span> <span class='ocrx_word' id='word_1_122' title='bbox 1069 1961 1124 2024; x_wconf 91' lang='lat' dir='ltr'><strong>per</strong></span> <span class='ocrx_word' id='word_1_123' title='bbox 1143 1943 1242 2006; x_wconf 90' lang='lat' dir='ltr'><strong>lineas</strong></span> <span class='ocrx_word' id='word_1_124' title='bbox 1263 1943 1370 2007; x_wconf 89' lang='lat' dir='ltr'><strong>decur-</strong></span> 
     </span>
     <span class='ocr_line' id='line_1_16' title="bbox 185 2047 1371 2130; baseline 0 -19"><span class='ocrx_word' id='word_1_125' title='bbox 185 2072 209 2111; x_wconf 81' lang='lat' dir='ltr'><strong>rs</strong></span> <span class='ocrx_word' id='word_1_126' title='bbox 235 2052 339 2112; x_wconf 90' lang='lat' dir='ltr'><strong>rentes</strong></span> <span class='ocrx_word' id='word_1_127' title='bbox 369 2047 504 2111; x_wconf 90' lang='lat' dir='ltr'><strong>colorem</strong></span> <span class='ocrx_word' id='word_1_128' title='bbox 535 2047 619 2111; x_wconf 90' lang='lat' dir='ltr'><strong>hunc</strong></span> <span class='ocrx_word' id='word_1_129' title='bbox 648 2047 754 2129; x_wconf 88' lang='lat' dir='ltr'><strong>iniqua</strong></span> <span class='ocrx_word' id='word_1_130' title='bbox 783 2047 943 2130; x_wconf 84' lang='lat' dir='ltr'><strong>persuasio</strong></span> <span class='ocrx_word' id='word_1_131' title='bbox 975 2049 1083 2129; x_wconf 86' lang='lat' dir='ltr'><strong>posset</strong></span> <span class='ocrx_word' id='word_1_132' title='bbox 1112 2064 1259 2111; x_wconf 82' lang='lat' dir='ltr'><strong>asserere.</strong></span> <span class='ocrx_word' id='word_1_133' title='bbox 1299 2066 1371 2111; x_wconf 92' lang='lat' dir='ltr'><strong>cnm</strong></span> 
     </span>
     <span class='ocr_line' id='line_1_17' title="bbox 233 2151 1370 2235; baseline -0.001 -19"><span class='ocrx_word' id='word_1_134' title='bbox 233 2168 307 2216; x_wconf 89' lang='lat' dir='ltr'><strong>uero</strong></span> <span class='ocrx_word' id='word_1_135' title='bbox 335 2151 494 2235; x_wconf 89' lang='lat' dir='ltr'><strong>apostolus</strong></span> <span class='ocrx_word' id='word_1_136' title='bbox 516 2152 737 2234; x_wconf 84' lang='lat' dir='ltr'><strong>promissiones</strong></span> <span class='ocrx_word' id='word_1_137' title='bbox 761 2152 810 2214; x_wconf 93' lang='lat' dir='ltr'><strong>dei</strong></span> <span class='ocrx_word' id='word_1_138' title='bbox 834 2156 864 2215; x_wconf 89' lang='lat' dir='ltr'><strong>et</strong></span> <span class='ocrx_word' id='word_1_139' title='bbox 886 2151 1082 2215; x_wconf 90' lang='lat' dir='ltr'><strong>uocationem</strong></span> <span class='ocrx_word' id='word_1_140' title='bbox 1108 2151 1250 2233; x_wconf 86' lang='lat' dir='ltr'><strong>gentium</strong></span> <span class='ocrx_word' id='word_1_141' title='bbox 1277 2151 1370 2215; x_wconf 86' lang='lat' dir='ltr'><strong>altius</strong></span> 
     </span>
     <span class='ocr_line' id='line_1_18' title="bbox 233 2256 1372 2339; baseline -0.002 -18"><span class='ocrx_word' id='word_1_142' title='bbox 233 2256 374 2339; x_wconf 88' lang='lat' dir='ltr'><strong>repetitis</strong></span> <span class='ocrx_word' id='word_1_143' title='bbox 403 2260 488 2320; x_wconf 84' lang='lat' dir='ltr'><strong>terat</strong></span> <span class='ocrx_word' id='word_1_144' title='bbox 517 2257 667 2339; x_wconf 81' lang='lat' dir='ltr'><strong>exemplis</strong></span> <span class='ocrx_word' id='word_1_145' title='bbox 698 2260 730 2321; x_wconf 87' lang='lat' dir='ltr'><strong>et</strong></span> <span class='ocrx_word' id='word_1_146' title='bbox 756 2256 942 2320; x_wconf 90' lang='lat' dir='ltr'><strong>Iudaeorum</strong></span> <span class='ocrx_word' id='word_1_147' title='bbox 972 2256 1258 2338; x_wconf 83' lang='lat' dir='ltr'><strong>praesumptionem</strong></span> <span class='ocrx_word' id='word_1_148' title='bbox 1286 2257 1372 2321; x_wconf 90' lang='lat' dir='ltr'><strong>omni</strong></span> 
     </span>
     <span class='ocr_line' id='line_1_19' title="bbox 233 2359 1371 2443; baseline -0.001 -17"><span class='ocrx_word' id='word_1_149' title='bbox 233 2361 325 2426; x_wconf 92' lang='lat' dir='ltr'><strong>modo</strong></span> <span class='ocrx_word' id='word_1_150' title='bbox 356 2361 548 2443; x_wconf 91' lang='lat' dir='ltr'><strong>conprimere</strong></span> <span class='ocrx_word' id='word_1_151' title='bbox 578 2361 712 2441; x_wconf 86' lang='lat' dir='ltr'><strong>studeat,</strong></span> <span class='ocrx_word' id='word_1_152' title='bbox 743 2361 798 2443; x_wconf 91' lang='lat' dir='ltr'><strong>qui</strong></span> <span class='ocrx_word' id='word_1_153' title='bbox 823 2359 952 2442; x_wconf 86' lang='lat' dir='ltr'><strong>inprobe</strong></span> <span class='ocrx_word' id='word_1_154' title='bbox 980 2359 1017 2424; x_wconf 92' lang='lat' dir='ltr'><strong>de</strong></span> <span class='ocrx_word' id='word_1_155' title='bbox 1043 2360 1121 2443; x_wconf 83' lang='lat' dir='ltr'><strong>legis</strong></span> <span class='ocrx_word' id='word_1_156' title='bbox 1149 2360 1294 2442; x_wconf 91' lang='lat' dir='ltr'><strong>operibus</strong></span> <span class='ocrx_word' id='word_1_157' title='bbox 1322 2361 1371 2425; x_wconf 92' lang='lat' dir='ltr'><strong>in-</strong></span> 
     </span>
     <span class='ocr_line' id='line_1_20' title="bbox 233 2464 1370 2549; baseline 0 -20"><span class='ocrx_word' id='word_1_158' title='bbox 233 2464 463 2545; x_wconf 77' lang='lat' dir='ltr'><strong>tumescebant,</strong></span> <span class='ocrx_word' id='word_1_159' title='bbox 493 2467 611 2530; x_wconf 91' lang='lat' dir='ltr'><strong>nonin</strong></span> <span class='ocrx_word' id='word_1_160' title='bbox 634 2466 751 2549; x_wconf 80' lang='lat' dir='ltr'><strong>origine</strong></span> <span class='ocrx_word' id='word_1_161' title='bbox 773 2466 931 2529; x_wconf 89' lang='lat' dir='ltr'><strong>seniorum</strong></span> <span class='ocrx_word' id='word_1_162' title='bbox 953 2464 1109 2529; x_wconf 88' lang='lat' dir='ltr'><strong>Ismahele</strong></span> <span class='ocrx_word' id='word_1_163' title='bbox 1132 2464 1183 2528; x_wconf 90' lang='lat' dir='ltr'><strong>uel</strong></span> <span class='ocrx_word' id='word_1_164' title='bbox 1205 2464 1291 2529; x_wconf 81' lang='lat' dir='ltr'><strong>Esau</strong></span> <span class='ocrx_word' id='word_1_165' title='bbox 1317 2465 1370 2529; x_wconf 92' lang='lat' dir='ltr'><strong>de-</strong></span> 
     </span>
     <span class='ocr_line' id='line_1_21' title="bbox 181 2568 1370 2649; baseline 0 -16"><span class='ocrx_word' id='word_1_166' title='bbox 181 2574 355 2634; x_wconf 77' lang='lat' dir='ltr'><strong>secretum</strong></span> <span class='ocrx_word' id='word_1_167' title='bbox 385 2570 479 2633; x_wconf 82' lang='lat' dir='ltr'><strong>fatale</strong></span> <span class='ocrx_word' id='word_1_168' title='bbox 510 2570 682 2649; x_wconf 90' lang='lat' dir='ltr'><strong>oonst&#39;tuit,</strong></span> <span class='ocrx_word' id='word_1_169' title='bbox 713 2570 768 2633; x_wconf 88' lang='lat' dir='ltr'><strong>sed</strong></span> <span class='ocrx_word' id='word_1_170' title='bbox 797 2570 829 2633; x_wconf 94' lang='lat' dir='ltr'><strong>in</strong></span> <span class='ocrx_word' id='word_1_171' title='bbox 859 2568 1071 2633; x_wconf 87' lang='lat' dir='ltr'><strong>benedictione</strong></span> <span class='ocrx_word' id='word_1_172' title='bbox 1098 2568 1187 2633; x_wconf 84' lang='lat' dir='ltr'><strong>Isaac</strong></span> <span class='ocrx_word' id='word_1_173' title='bbox 1218 2572 1250 2634; x_wconf 90' lang='lat' dir='ltr'><strong>et</strong></span> <span class='ocrx_word' id='word_1_174' title='bbox 1277 2570 1370 2635; x_wconf 87' lang='lat' dir='ltr'><strong>Iacob</strong></span> 
     </span>
     <span class='ocr_line' id='line_1_22' title="bbox 234 2674 1370 2756; baseline 0.001 -19"><span class='ocrx_word' id='word_1_175' title='bbox 234 2674 418 2738; x_wconf 87' lang='lat' dir='ltr'><strong>electionem</strong></span> <span class='ocrx_word' id='word_1_176' title='bbox 437 2674 545 2756; x_wconf 92' lang='lat' dir='ltr'><strong>populi</strong></span> <span class='ocrx_word' id='word_1_177' title='bbox 564 2674 693 2737; x_wconf 87' lang='lat' dir='ltr'><strong>iunioris</strong></span> <span class='ocrx_word' id='word_1_178' title='bbox 709 2674 846 2738; x_wconf 87' lang='lat' dir='ltr'><strong>ostendit</strong></span> <span class='ocrx_word' id='word_1_179' title='bbox 861 2678 893 2738; x_wconf 91' lang='lat' dir='ltr'><strong>et</strong></span> <span class='ocrx_word' id='word_1_180' title='bbox 907 2677 1071 2756; x_wconf 88' lang='lat' dir='ltr'><strong>propterea</strong></span> <span class='ocrx_word' id='word_1_181' title='bbox 1087 2674 1239 2737; x_wconf 91' lang='lat' dir='ltr'><strong>minorem</strong></span> <span class='ocrx_word' id='word_1_182' title='bbox 1261 2674 1370 2739; x_wconf 89' lang='lat' dir='ltr'><strong>maiori</strong></span> 
     </span>
     <span class='ocr_line' id='line_1_23' title="bbox 233 2776 1371 2862; baseline 0 -19"><span class='ocrx_word' id='word_1_183' title='bbox 233 2795 296 2843; x_wconf 94' lang='lat' dir='ltr'><strong>non</strong></span> <span class='ocrx_word' id='word_1_184' title='bbox 319 2778 406 2841; x_wconf 91' lang='lat' dir='ltr'><strong>uelut</strong></span> <span class='ocrx_word' id='word_1_185' title='bbox 427 2776 509 2861; x_wconf 74' lang='lat' dir='ltr'><strong>(pro)</strong></span> <span class='ocrx_word' id='word_1_186' title='bbox 530 2780 672 2861; x_wconf 86' lang='lat' dir='ltr'><strong>potentia</strong></span> <span class='ocrx_word' id='word_1_187' title='bbox 693 2779 752 2858; x_wconf 88' lang='lat' dir='ltr'><strong>dei,</strong></span> <span class='ocrx_word' id='word_1_188' title='bbox 776 2779 832 2842; x_wconf 91' lang='lat' dir='ltr'><strong>sed</strong></span> <span class='ocrx_word' id='word_1_189' title='bbox 848 2798 903 2861; x_wconf 92' lang='lat' dir='ltr'><strong>pro</strong></span> <span class='ocrx_word' id='word_1_190' title='bbox 918 2778 1038 2843; x_wconf 89' lang='lat' dir='ltr'><strong>iustitia</strong></span> <span class='ocrx_word' id='word_1_191' title='bbox 1052 2779 1208 2861; x_wconf 86' lang='lat' dir='ltr'><strong>praetulit.</strong></span> <span class='ocrx_word' id='word_1_192' title='bbox 1242 2779 1371 2862; x_wconf 90' lang='lat' dir='ltr'><strong>perinde</strong></span> 
     </span>
     <span class='ocr_line' id='line_1_24' title="bbox 234 2881 1372 2967; baseline -0.001 -19"><span class='ocrx_word' id='word_1_193' title='bbox 234 2883 318 2948; x_wconf 90' lang='lat' dir='ltr'><strong>enim</strong></span> <span class='ocrx_word' id='word_1_194' title='bbox 340 2882 534 2964; x_wconf 85' lang='lat' dir='ltr'><strong>impietatem</strong></span> <span class='ocrx_word' id='word_1_195' title='bbox 555 2882 741 2947; x_wconf 88' lang='lat' dir='ltr'><strong>Iudaeorum</strong></span> <span class='ocrx_word' id='word_1_196' title='bbox 764 2883 846 2947; x_wconf 91' lang='lat' dir='ltr'><strong>siout</strong></span> <span class='ocrx_word' id='word_1_197' title='bbox 868 2881 1095 2947; x_wconf 88' lang='lat' dir='ltr'><strong>oboedientiam</strong></span> <span class='ocrx_word' id='word_1_198' title='bbox 1117 2883 1259 2966; x_wconf 88' lang='lat' dir='ltr'><strong>gentium</strong></span> <span class='ocrx_word' id='word_1_199' title='bbox 1281 2902 1372 2967; x_wconf 92' lang='lat' dir='ltr'><strong>prae-</strong></span> 
     </span>
     <span class='ocr_line' id='line_1_25' title="bbox 233 2986 1371 3070; baseline 0.001 -20"><span class='ocrx_word' id='word_1_200' title='bbox 233 2986 370 3050; x_wconf 91' lang='lat' dir='ltr'><strong>nidebat.</strong></span> <span class='ocrx_word' id='word_1_201' title='bbox 408 2988 568 3070; x_wconf 83' lang='lat' dir='ltr'><strong>quiaergo</strong></span> <span class='ocrx_word' id='word_1_202' title='bbox 589 2987 675 3051; x_wconf 88' lang='lat' dir='ltr'><strong>dicit:</strong></span> <span class='ocrx_word' id='word_1_203' title='bbox 699 3005 780 3050; x_wconf 90' lang='lat' dir='ltr'><strong>cnm</strong></span> <span class='ocrx_word' id='word_1_204' title='bbox 797 2988 893 3051; x_wconf 92' lang='lat' dir='ltr'><strong>enim</strong></span> <span class='ocrx_word' id='word_1_205' title='bbox 910 2986 1069 3050; x_wconf 90' lang='lat' dir='ltr'><strong>nondum</strong></span> <span class='ocrx_word' id='word_1_206' title='bbox 1093 2987 1262 3069; x_wconf 85' lang='lat' dir='ltr'><strong>egissent</strong></span> <span class='ocrx_word' id='word_1_207' title='bbox 1284 2986 1371 3051; x_wconf 90' lang='lat' dir='ltr'><strong>boni</strong></span> 
     </span>
     <span class='ocr_line' id='line_1_26' title="bbox 181 3090 1371 3173; baseline 0 -18"><span class='ocrx_word' id='word_1_208' title='bbox 181 3114 208 3155; x_wconf 78' lang='lat' dir='ltr'><strong>ss</strong></span> <span class='ocrx_word' id='word_1_209' title='bbox 235 3091 379 3172; x_wconf 91' lang='lat' dir='ltr'><strong>aliquid</strong></span> <span class='ocrx_word' id='word_1_210' title='bbox 412 3094 476 3154; x_wconf 90' lang='lat' dir='ltr'><strong>aut</strong></span> <span class='ocrx_word' id='word_1_211' title='bbox 507 3091 610 3171; x_wconf 92' lang='lat' dir='ltr'><strong>mali,</strong></span> <span class='ocrx_word' id='word_1_212' title='bbox 644 3110 715 3156; x_wconf 93' lang='lat' dir='ltr'><strong>non</strong></span> <span class='ocrx_word' id='word_1_213' title='bbox 750 3110 790 3155; x_wconf 82' lang='lat' dir='ltr'><strong>ex</strong></span> <span class='ocrx_word' id='word_1_214' title='bbox 820 3090 1010 3173; x_wconf 76' lang='lat' dir='ltr'><strong>operibuS,</strong></span> <span class='ocrx_word' id='word_1_215' title='bbox 1045 3090 1107 3155; x_wconf 89' lang='lat' dir='ltr'><strong>sed</strong></span> <span class='ocrx_word' id='word_1_216' title='bbox 1142 3110 1182 3155; x_wconf 87' lang='lat' dir='ltr'><strong>err</strong></span> <span class='ocrx_word' id='word_1_217' title='bbox 1212 3095 1371 3156; x_wconf 85' lang='lat' dir='ltr'><strong>nocente</strong></span> 
     </span>
     <span class='ocr_line' id='line_1_27' title="bbox 234 3194 1371 3277; baseline 0.001 -19"><span class='ocrx_word' id='word_1_218' title='bbox 234 3194 373 3258; x_wconf 91' lang='lat' dir='ltr'><strong>dictum</strong></span> <span class='ocrx_word' id='word_1_219' title='bbox 397 3198 466 3274; x_wconf 90' lang='lat' dir='ltr'><strong>est,</strong></span> <span class='ocrx_word' id='word_1_220' title='bbox 497 3196 582 3276; x_wconf 89' lang='lat' dir='ltr'><strong>quia</strong></span> <span class='ocrx_word' id='word_1_221' title='bbox 604 3195 720 3259; x_wconf 88' lang='lat' dir='ltr'><strong>maior</strong></span> <span class='ocrx_word' id='word_1_222' title='bbox 742 3196 884 3259; x_wconf 88' lang='lat' dir='ltr'><strong>seruiet</strong></span> <span class='ocrx_word' id='word_1_223' title='bbox 905 3195 1053 3275; x_wconf 89' lang='lat' dir='ltr'><strong>minori,</strong></span> <span class='ocrx_word' id='word_1_224' title='bbox 1085 3214 1120 3258; x_wconf 84' lang='lat' dir='ltr'><strong>ex</strong></span> <span class='ocrx_word' id='word_1_225' title='bbox 1148 3199 1279 3260; x_wconf 84' lang='lat' dir='ltr'><strong>nocente</strong></span> <span class='ocrx_word' id='word_1_226' title='bbox 1302 3196 1371 3277; x_wconf 87' lang='lat' dir='ltr'><strong>qui·</strong></span> 
     </span>
     <span class='ocr_line' id='line_1_28' title="bbox 235 3298 1370 3382; baseline 0.001 -20"><span class='ocrx_word' id='word_1_227' title='bbox 235 3299 305 3362; x_wconf 93' lang='lat' dir='ltr'><strong>dem</strong></span> <span class='ocrx_word' id='word_1_228' title='bbox 333 3299 450 3363; x_wconf 88' lang='lat' dir='ltr'><strong>dictum</strong></span> <span class='ocrx_word' id='word_1_229' title='bbox 477 3303 534 3379; x_wconf 92' lang='lat' dir='ltr'><strong>est,</strong></span> <span class='ocrx_word' id='word_1_230' title='bbox 565 3318 627 3363; x_wconf 93' lang='lat' dir='ltr'><strong>non</strong></span> <span class='ocrx_word' id='word_1_231' title='bbox 654 3302 760 3363; x_wconf 87' lang='lat' dir='ltr'><strong>tamen</strong></span> <span class='ocrx_word' id='word_1_232' title='bbox 788 3299 827 3362; x_wconf 85' lang='lat' dir='ltr'><strong>ad</strong></span> <span class='ocrx_word' id='word_1_233' title='bbox 850 3298 1068 3381; x_wconf 90' lang='lat' dir='ltr'><strong>conpellendos</strong></span> <span class='ocrx_word' id='word_1_234' title='bbox 1092 3299 1141 3363; x_wconf 91' lang='lat' dir='ltr'><strong>nel</strong></span> <span class='ocrx_word' id='word_1_235' title='bbox 1164 3298 1370 3382; x_wconf 88' lang='lat' dir='ltr'><strong>repellendos,</strong></span> 
     </span>
     <span class='ocr_line' id='line_1_29' title="bbox 234 3402 1371 3467; baseline 0 0"><span class='ocrx_word' id='word_1_236' title='bbox 234 3402 290 3467; x_wconf 89' lang='lat' dir='ltr'><strong>sed</strong></span> <span class='ocrx_word' id='word_1_237' title='bbox 319 3404 359 3467; x_wconf 89' lang='lat' dir='ltr'><strong>ad</strong></span> <span class='ocrx_word' id='word_1_238' title='bbox 385 3402 555 3467; x_wconf 88' lang='lat' dir='ltr'><strong>credituros</strong></span> <span class='ocrx_word' id='word_1_239' title='bbox 584 3407 615 3466; x_wconf 89' lang='lat' dir='ltr'><strong>et</strong></span> <span class='ocrx_word' id='word_1_240' title='bbox 641 3422 702 3467; x_wconf 95' lang='lat' dir='ltr'><strong>non</strong></span> <span class='ocrx_word' id='word_1_241' title='bbox 731 3402 901 3467; x_wconf 86' lang='lat' dir='ltr'><strong>credituros</strong></span> <span class='ocrx_word' id='word_1_242' title='bbox 929 3404 1046 3466; x_wconf 92' lang='lat' dir='ltr'><strong>dietum</strong></span> <span class='ocrx_word' id='word_1_243' title='bbox 1075 3422 1142 3466; x_wconf 89' lang='lat' dir='ltr'><strong>esse</strong></span> <span class='ocrx_word' id='word_1_244' title='bbox 1166 3403 1371 3467; x_wconf 84' lang='lat' dir='ltr'><strong>manifestum</strong></span> 
     </span>
     <span class='ocr_line' id='line_1_30' title="bbox 235 3506 1372 3589; baseline 0.001 -19"><span class='ocrx_word' id='word_1_245' title='bbox 235 3511 292 3586; x_wconf 89' lang='lat' dir='ltr'><strong>est,</strong></span> <span class='ocrx_word' id='word_1_246' title='bbox 320 3511 356 3571; x_wconf 89' lang='lat' dir='ltr'><strong>nt</strong></span> <span class='ocrx_word' id='word_1_247' title='bbox 377 3507 484 3571; x_wconf 91' lang='lat' dir='ltr'><strong>diuina</strong></span> <span class='ocrx_word' id='word_1_248' title='bbox 505 3507 566 3571; x_wconf 92' lang='lat' dir='ltr'><strong>sibi</strong></span> <span class='ocrx_word' id='word_1_249' title='bbox 588 3511 749 3572; x_wconf 78' lang='lat' dir='ltr'><strong>constante</strong></span> <span class='ocrx_word' id='word_1_250' title='bbox 773 3508 895 3571; x_wconf 87' lang='lat' dir='ltr'><strong>iustitia</strong></span> <span class='ocrx_word' id='word_1_251' title='bbox 917 3507 956 3571; x_wconf 90' lang='lat' dir='ltr'><strong>ad</strong></span> <span class='ocrx_word' id='word_1_252' title='bbox 978 3506 1112 3570; x_wconf 92' lang='lat' dir='ltr'><strong>hominis</strong></span> <span class='ocrx_word' id='word_1_253' title='bbox 1138 3507 1294 3589; x_wconf 86' lang='lat' dir='ltr'><strong>pertineat</strong></span> <span class='ocrx_word' id='word_1_254' title='bbox 1316 3525 1372 3572; x_wconf 91' lang='lat' dir='ltr'><strong>uo-</strong></span> 
     </span>
     <span class='ocr_line' id='line_1_31' title="bbox 183 3611 1371 3695; baseline -0.001 -18"><span class='ocrx_word' id='word_1_255' title='bbox 183 3636 209 3677; x_wconf 83' lang='lat' dir='ltr'><strong>so</strong></span> <span class='ocrx_word' id='word_1_256' title='bbox 234 3612 390 3675; x_wconf 88' lang='lat' dir='ltr'><strong>luntatem</strong></span> <span class='ocrx_word' id='word_1_257' title='bbox 423 3612 473 3675; x_wconf 90' lang='lat' dir='ltr'><strong>nol</strong></span> <span class='ocrx_word' id='word_1_258' title='bbox 506 3630 658 3676; x_wconf 88' lang='lat' dir='ltr'><strong>rennuere</strong></span> <span class='ocrx_word' id='word_1_259' title='bbox 691 3613 741 3676; x_wconf 90' lang='lat' dir='ltr'><strong>uel</strong></span> <span class='ocrx_word' id='word_1_260' title='bbox 775 3611 941 3675; x_wconf 88' lang='lat' dir='ltr'><strong>obseruare</strong></span> <span class='ocrx_word' id='word_1_261' title='bbox 974 3615 1149 3694; x_wconf 88' lang='lat' dir='ltr'><strong>praecepta.</strong></span> <span class='ocrx_word' id='word_1_262' title='bbox 1192 3629 1264 3675; x_wconf 93' lang='lat' dir='ltr'><strong>cum</strong></span> <span class='ocrx_word' id='word_1_263' title='bbox 1297 3630 1371 3695; x_wconf 84' lang='lat' dir='ltr'><strong>ergo</strong></span> 
     </span>
     <span class='ocr_line' id='line_1_32' title="bbox 234 3715 1370 3799; baseline 0.001 -20"><span class='ocrx_word' id='word_1_264' title='bbox 234 3715 337 3779; x_wconf 85' lang='lat' dir='ltr'><strong>andis:</strong></span> <span class='ocrx_word' id='word_1_265' title='bbox 361 3716 424 3779; x_wconf 89' lang='lat' dir='ltr'><strong>sed</strong></span> <span class='ocrx_word' id='word_1_266' title='bbox 446 3734 487 3779; x_wconf 82' lang='lat' dir='ltr'><strong>ex</strong></span> <span class='ocrx_word' id='word_1_267' title='bbox 501 3719 659 3781; x_wconf 90' lang='lat' dir='ltr'><strong>uocante</strong></span> <span class='ocrx_word' id='word_1_268' title='bbox 675 3716 815 3780; x_wconf 88' lang='lat' dir='ltr'><strong>dictum</strong></span> <span class='ocrx_word' id='word_1_269' title='bbox 831 3719 903 3797; x_wconf 89' lang='lat' dir='ltr'><strong>est,</strong></span> <span class='ocrx_word' id='word_1_270' title='bbox 924 3715 1111 3779; x_wconf 81' lang='lat' dir='ltr'><strong>innitentem</strong></span> <span class='ocrx_word' id='word_1_271' title='bbox 1125 3715 1283 3799; x_wconf 85' lang='lat' dir='ltr'><strong>intellege,</strong></span> <span class='ocrx_word' id='word_1_272' title='bbox 1307 3732 1370 3780; x_wconf 92' lang='lat' dir='ltr'><strong>non</strong></span> 
     </span>
    </p>
   </div>
   <div class='ocr_carea' id='block_1_3' title="bbox 278 3835 1373 3939">
    <p class='ocr_par' dir='ltr' id='par_1_3' title="bbox 278 3835 1373 3939">
     <span class='ocr_line' id='line_1_33' title="bbox 278 3835 1373 3939; baseline 0.001 -15"><span class='ocrx_word' id='word_1_273' title='bbox 278 3868 424 3938; x_wconf 78' lang='lat' dir='ltr'><strong>lelegitur</strong></span> <span class='ocrx_word' id='word_1_274' title='bbox 442 3870 470 3923; x_wconf 94' lang='lat' dir='ltr'><strong><em>P</em></strong></span> <span class='ocrx_word' id='word_1_275' title='bbox 520 3869 625 3939; x_wconf 84' lang='lat' dir='ltr'><strong>itaquae</strong></span> <span class='ocrx_word' id='word_1_276' title='bbox 643 3871 671 3926; x_wconf 89' lang='lat' dir='ltr'><strong><em>P</em></strong></span> <span class='ocrx_word' id='word_1_277' title='bbox 722 3870 877 3939; x_wconf 83' lang='lat' dir='ltr'><strong>dpaenitns</strong></span> <span class='ocrx_word' id='word_1_278' title='bbox 896 3871 924 3926; x_wconf 89' lang='lat' dir='ltr'><strong><em>P</em></strong></span> <span class='ocrx_word' id='word_1_279' title='bbox 976 3868 1125 3939; x_wconf 76' lang='lat' dir='ltr'><strong>sebsquee</strong></span> <span class='ocrx_word' id='word_1_280' title='bbox 1143 3870 1171 3924; x_wconf 92' lang='lat' dir='ltr'><strong><em>P</em></strong></span> <span class='ocrx_word' id='word_1_281' title='bbox 1221 3835 1331 3925; x_wconf 66' lang='lat' dir='ltr'><strong>dediscis</strong></span> <span class='ocrx_word' id='word_1_282' title='bbox 1344 3870 1373 3925; x_wconf 91' lang='lat' dir='ltr'><strong><em>P</em></strong></span> 
     </span>
    </p>
   </div>
   <div class='ocr_carea' id='block_1_4' title="bbox 233 3942 1371 4227">
    <p class='ocr_par' dir='ltr' id='par_1_4' title="bbox 233 3942 1371 4227">
     <span class='ocr_line' id='line_1_34' title="bbox 234 3942 1371 4051; baseline 0.002 -16"><span class='ocrx_word' id='word_1_283' title='bbox 234 3982 280 4049; x_wconf 87' lang='lat' dir='ltr'><strong>(ns</strong></span> <span class='ocrx_word' id='word_1_284' title='bbox 296 4000 431 4051; x_wconf 80' lang='lat' dir='ltr'><strong>suprascr.</strong></span> <span class='ocrx_word' id='word_1_285' title='bbox 450 4000 522 4037; x_wconf 84' lang='lat' dir='ltr'><strong>mors.</strong></span> <span class='ocrx_word' id='word_1_286' title='bbox 541 3983 600 4049; x_wconf 78' lang='lat' dir='ltr'><strong>adt)</strong></span> <span class='ocrx_word' id='word_1_287' title='bbox 665 3985 697 4038; x_wconf 85' lang='lat'><strong>12</strong></span> <span class='ocrx_word' id='word_1_288' title='bbox 715 3982 876 4037; x_wconf 86' lang='lat' dir='ltr'><strong>conmissum</strong></span> <span class='ocrx_word' id='word_1_289' title='bbox 896 3983 923 4036; x_wconf 95' lang='lat' dir='ltr'><strong><em>P</em></strong></span> <span class='ocrx_word' id='word_1_290' title='bbox 990 3942 1101 4050; x_wconf 63' lang='lat' dir='ltr'><strong>potestis</strong></span> <span class='ocrx_word' id='word_1_291' title='bbox 1119 3983 1147 4038; x_wconf 94' lang='lat' dir='ltr'><strong><em>P</em></strong></span> <span class='ocrx_word' id='word_1_292' title='bbox 1162 3984 1203 4049; x_wconf 87' lang='lat' dir='ltr'><strong>(ts</strong></span> <span class='ocrx_word' id='word_1_293' title='bbox 1219 4000 1292 4037; x_wconf 78' lang='lat' dir='ltr'><strong>ossa.</strong></span> <span class='ocrx_word' id='word_1_294' title='bbox 1311 3982 1371 4050; x_wconf 83' lang='lat' dir='ltr'><strong>alt.)</strong></span> 
     </span>
     <span class='ocr_line' id='line_1_35' title="bbox 236 4067 1371 4138; baseline -0.001 -14"><span class='ocrx_word' id='word_1_295' title='bbox 236 4070 268 4125; x_wconf 79' lang='lat'><strong>13</strong></span> <span class='ocrx_word' id='word_1_296' title='bbox 293 4067 463 4137; x_wconf 87' lang='lat' dir='ltr'><strong>uiolentoque</strong></span> <span class='ocrx_word' id='word_1_297' title='bbox 484 4069 596 4138; x_wconf 68' lang='lat' dir='ltr'><strong>scripsi,</strong></span> <span class='ocrx_word' id='word_1_298' title='bbox 623 4068 740 4123; x_wconf 85' lang='lat' dir='ltr'><strong>uiolento</strong></span> <span class='ocrx_word' id='word_1_299' title='bbox 762 4083 813 4137; x_wconf 90' lang='lat' dir='ltr'><strong>quo</strong></span> <span class='ocrx_word' id='word_1_300' title='bbox 837 4069 864 4124; x_wconf 88' lang='lat' dir='ltr'><strong><em>P</em></strong></span> <span class='ocrx_word' id='word_1_301' title='bbox 933 4071 965 4125; x_wconf 84' lang='grc'><strong>14</strong></span> <span class='ocrx_word' id='word_1_302' title='bbox 989 4068 1111 4123; x_wconf 82' lang='lat' dir='ltr'><strong>forsitam</strong></span> <span class='ocrx_word' id='word_1_303' title='bbox 1130 4070 1157 4123; x_wconf 95' lang='lat' dir='ltr'><strong><em>P</em></strong></span> <span class='ocrx_word' id='word_1_304' title='bbox 1225 4072 1257 4125; x_wconf 79' lang='lat'><strong>15</strong></span> <span class='ocrx_word' id='word_1_305' title='bbox 1282 4071 1371 4137; x_wconf 85' lang='lat' dir='ltr'><strong>posset</strong></span> 
     </span>
     <span class='ocr_line' id='line_1_36' title="bbox 233 4153 1369 4227; baseline -0.005 -14"><span class='ocrx_word' id='word_1_306' title='bbox 233 4157 338 4227; x_wconf 79' lang='lat' dir='ltr'><strong>scripsi,</strong></span> <span class='ocrx_word' id='word_1_307' title='bbox 361 4155 445 4225; x_wconf 90' lang='lat' dir='ltr'><strong>possit</strong></span> <span class='ocrx_word' id='word_1_308' title='bbox 467 4155 495 4210; x_wconf 98' lang='lat' dir='ltr'><strong><em>P</em></strong></span> <span class='ocrx_word' id='word_1_309' title='bbox 563 4171 691 4209; x_wconf 82' lang='lat' dir='ltr'><strong>assernere</strong></span> <span class='ocrx_word' id='word_1_310' title='bbox 714 4157 742 4209; x_wconf 93' lang='lat' dir='ltr'><strong><em>P</em></strong></span> <span class='ocrx_word' id='word_1_311' title='bbox 811 4159 843 4212; x_wconf 89' lang='lat'><strong>18</strong></span> <span class='ocrx_word' id='word_1_312' title='bbox 864 4155 1073 4211; x_wconf 86' lang='lat' dir='ltr'><strong>intumiscebant</strong></span> <span class='ocrx_word' id='word_1_313' title='bbox 1095 4158 1122 4211; x_wconf 94' lang='lat' dir='ltr'><strong><em>P</em></strong></span> <span class='ocrx_word' id='word_1_314' title='bbox 1190 4158 1222 4212; x_wconf 90' lang='grc'><strong>21</strong></span> <span class='ocrx_word' id='word_1_315' title='bbox 1246 4153 1369 4224; x_wconf 88' lang='lat' dir='ltr'><strong>iunioris]</strong></span> 
     </span>
    </p>
   </div>
   <div class='ocr_carea' id='block_1_5' title="bbox 233 4234 1371 4429">
    <p class='ocr_par' dir='ltr' id='par_1_5' title="bbox 233 4234 1371 4429">
     <span class='ocr_line' id='line_1_37' title="bbox 234 4234 1371 4339; baseline -0.001 -16"><span class='ocrx_word' id='word_1_316' title='bbox 234 4269 377 4325; x_wconf 78' lang='lat' dir='ltr'><strong>minorisa</strong></span> <span class='ocrx_word' id='word_1_317' title='bbox 429 4271 463 4324; x_wconf 91' lang='grc'><strong>22</strong></span> <span class='ocrx_word' id='word_1_318' title='bbox 480 4284 528 4339; x_wconf 86' lang='lat' dir='ltr'><strong>pro</strong></span> <span class='ocrx_word' id='word_1_319' title='bbox 546 4269 653 4333; x_wconf 79' lang='lat' dir='ltr'><strong>addidi,</strong></span> <span class='ocrx_word' id='word_1_320' title='bbox 671 4286 722 4325; x_wconf 83' lang='lat' dir='ltr'><strong>om.</strong></span> <span class='ocrx_word' id='word_1_321' title='bbox 735 4270 763 4325; x_wconf 92' lang='lat' dir='ltr'><strong><em>P</em></strong></span> <span class='ocrx_word' id='word_1_322' title='bbox 814 4269 920 4323; x_wconf 86' lang='lat' dir='ltr'><strong>iusticie</strong></span> <span class='ocrx_word' id='word_1_323' title='bbox 938 4271 966 4323; x_wconf 93' lang='lat' dir='ltr'><strong><em>P</em></strong></span> <span class='ocrx_word' id='word_1_324' title='bbox 1016 4268 1129 4338; x_wconf 90' lang='lat' dir='ltr'><strong>protulit</strong></span> <span class='ocrx_word' id='word_1_325' title='bbox 1147 4268 1175 4323; x_wconf 98' lang='lat' dir='ltr'><strong>P</strong></span> <span class='ocrx_word' id='word_1_326' title='bbox 1225 4270 1259 4325; x_wconf 85' lang='grc'><strong>30</strong></span> <span class='ocrx_word' id='word_1_327' title='bbox 1277 4234 1326 4337; x_wconf 57' lang='lat' dir='ltr'><strong>ago</strong></span> <span class='ocrx_word' id='word_1_328' title='bbox 1342 4267 1371 4322; x_wconf 93' lang='lat' dir='ltr'><strong>P</strong></span> 
     </span>
     <span class='ocr_line' id='line_1_38' title="bbox 233 4355 866 4429; baseline 0 -16"><span class='ocrx_word' id='word_1_329' title='bbox 233 4359 265 4414; x_wconf 87' lang='lat'><strong>31</strong></span> <span class='ocrx_word' id='word_1_330' title='bbox 285 4356 361 4413; x_wconf 86' lang='lat' dir='ltr'><strong>audis</strong></span> <span class='ocrx_word' id='word_1_331' title='bbox 378 4355 425 4412; x_wconf 89' lang='lat' dir='ltr'><strong>sed</strong></span> <span class='ocrx_word' id='word_1_332' title='bbox 442 4359 549 4429; x_wconf 76' lang='lat' dir='ltr'><strong>scripsi,</strong></span> <span class='ocrx_word' id='word_1_333' title='bbox 567 4356 686 4412; x_wconf 87' lang='lat' dir='ltr'><strong>audisset</strong></span> <span class='ocrx_word' id='word_1_334' title='bbox 703 4358 737 4427; x_wconf 92' lang='lat' dir='ltr'><strong><em>P,</em></strong></span> <span class='ocrx_word' id='word_1_335' title='bbox 755 4356 832 4412; x_wconf 87' lang='lat' dir='ltr'><strong>sudis</strong></span> <span class='ocrx_word' id='word_1_336' title='bbox 851 4376 866 4413; x_wconf 88' lang='lat' dir='ltr'><em>v</em></span> 
     </span>
    </p>
   </div>
   <div class='ocr_carea' id='block_1_6' title="bbox 0 0 1558 4892">
    <p class='ocr_par' dir='ltr' id='par_1_6' title="bbox 0 0 1558 4892">
     <span class='ocr_line' id='line_1_39' title="bbox 0 0 1558 4892; baseline 0 0"><span class='ocrx_word' id='word_1_337' title='bbox 0 0 1558 4892; x_wconf 95' lang='lat' dir='ltr'><strong> </strong></span> 
     </span>
    </p>
   </div>
  </div>
 </body>
</html>
