3100 4892
607 437 674 492 1111.
693 439 803 492 sermo
820 441 863 495 se.
1220 421 1225 430 ’
1241 440 1303 504 301

161 617 350 697 occeperunt
369 617 424 678 sut
438 613 519 678 lilios
542 617 795 697 procreandum,
818 614 987 694 uisitare,
1010 631 1107 696 quere
1129 615 1212 679 facts
1232 619 1307 680 sunt

161 722 217 783 out
232 718 308 802 qnid
323 737 373 783 res
390 719 470 783 istae
490 718 716 802 figurcuernnt,
737 719 870 801 spirituli
885 737 983 783 sensu
998 720 1197 803 perspexerit.
1233 738 1306 784 ecce

160 823 351 904 audiuimus,
386 824 468 905 qnod
503 824 614 887 beatus
646 823 738 888 Iacob
774 823 917 907 genuerit
950 822 1050 888 tilium
1083 827 1115 889 et
1148 825 1307 889 uocauerit

160 945 274 993 nomen
300 927 366 991 eius
389 927 502 1010 Ioseph
526 931 558 991 et
581 946 653 992 eum
676 929 747 1010 plus
771 945 866 1009 quum
888 927 1024 1010 reliquos
1047 926 1130 993 filios
1154 929 1304 993 dilexerit.

158 1032 219 1097 hoc
242 1033 309 1096 loco
333 1033 444 1096 boetus
467 1031 560 1096 Iacob
584 1031 719 1116 liginum
742 1032 853 1097 habuit
874 1033 924 1096 dei
946 1033 1055 1116 patris,
1077 1038 1206 1098 sanctus
1230 1051 1306 1116 qno·
1344 1061 1357 1100 s

158 1155 221 1219 que
252 1137 367 1220 loseph
396 1139 507 1220 typum
538 1136 656 1200 domini
686 1137 787 1221 gessit
818 1137 994 1202 saluatoris.
1033 1137 1183 1222 diligebat
1211 1139 1304 1205 Iucob

157 1240 260 1305 filium
284 1259 377 1305 suum
400 1244 432 1305 et
455 1241 530 1305 dens
558 1245 648 1324 pater
675 1241 783 1306 dilexit
804 1242 933 1306 unicum
956 1261 1059 1306 snum.
1097 1243 1190 1308 Iacob
1218 1244 1306 1308 misit

157 1344 260 1408 lilium
291 1363 394 1425 suurn,
425 1348 461 1409 ut
490 1346 528 1409 de
557 1345 708 1410 fretribns
738 1347 805 1410 suis
836 1346 1079 1411 sollicitudinem
1108 1351 1239 1432 gereret,
1275 1352 1307 1412 et

156 1449 237 1514 deus
261 1451 349 1532 peter
372 1449 459 1513 misit
481 1448 580 1514 filium
604 1468 697 1514 snum
720 1450 928 1534 unigenitum,
951 1454 986 1515 nt
1008 1470 1107 1536 genus
1130 1451 1304 1515 humanum

155 1554 295 1636 peccetis
322 1553 507 1638 languidum
535 1554 687 1619 uisitaret.
722 1555 847 1637 Ioseph,
874 1556 950 1620 dum
978 1555 1090 1620 tratres
1114 1574 1187 1621 suos
1210 1575 1305 1638 quse·
1332 1583 1358 1622 ro

156 1661 253 1738 reret,
282 1657 406 1722 errsbet
432 1659 464 1722 in
492 1677 596 1722 eremo
621 1662 652 1722 et
674 1677 773 1742 genus
798 1658 940 1723 Christus
967 1660 1142 1725 humanum
1168 1661 1305 1742 require-

156 1761 224 1842 bat,
249 1761 331 1844 qnod
355 1761 480 1826 errabat
499 1763 531 1828 iu
552 1763 679 1843 mundo,
702 1780 764 1844 quo
783 1764 817 1827 in
836 1764 954 1828 mundo
973 1765 1063 1846 quasi
1083 1768 1116 1829 et
1135 1765 1202 1849 ipse
1221 1785 1305 1830 erra·

155 1865 224 1946 but,
256 1867 330 1948 quie
361 1869 500 1931 errantes
528 1865 708 1950 quaerebat.
748 1868 863 1951 Ioseph
889 1869 1004 1934 fratres
1031 1887 1106 1934 suos
1133 1869 1305 1950 quaerebat

154 1971 189 2035 in
211 1969 367 2036 Sichimis.
391 1969 529 2036 Siclrime
549 1973 773 2056 interpretatur
794 1973 954 2038 humerus.
983 1993 1108 2056 semper
1128 1976 1212 2038 enim
1233 1993 1305 2058 pec·

154 2078 280 2140 catores
311 2075 437 2140 dorsum
468 2079 589 2159 ponunt
619 2077 652 2141 in
682 2077 796 2141 faciem
828 2077 912 2142 iusti.
951 2077 1073 2142 humeri
1105 2079 1190 2142 euim
1220 2085 1304 2144 retro
1331 2107 1356 2146 ιι

154 2183 242 2244 sunt.
281 2179 361 2244 sicut
384 2181 468 2244 enim
491 2182 604 2245 fratres
628 2181 742 2265 Ioseph
765 2182 885 2247 inuidis
905 2183 1046 2265 percussi
1072 2183 1230 2248 fraternae
1257 2184 1304 2247 di·

152 2284 283 2348 lectioni
305 2284 432 2348 dorsum
456 2285 557 2370 mags
581 2303 676 2367 quem
699 2287 813 2350 faciem
836 2285 1018 2367 offerebant,
1042 2287 1086 2351 ito
1108 2289 1141 2350 et
1162 2287 1302 2352 infelices

153 2388 265 2452 ludaei
297 2389 433 2454 uenienti
464 2389 503 2452 ad
534 2408 586 2454 eos
618 2390 729 2454 salutis
760 2391 879 2455 auctori
908 2392 1047 2455 inuidere
1074 2391 1178 2474 potius
1206 2411 1301 2474 quarn

153 2493 286 2576 diligere
310 2493 499 2557 maluerunt.
538 2493 715 2558 dotalibus
740 2495 852 2559 dicitur
873 2497 905 2559 in
934 2495 1070 2578 psalmo:
1101 2495 1301 2561 obscuren-

152 2601 216 2662 tur
237 2597 336 2661 ocnli
357 2615 498 2678 eorum,
525 2617 568 2662 ne
591 2599 759 2680 uideant,
784 2603 821 2662 et
840 2600 989 2664 dorsum
1010 2618 1135 2664 eorum
1154 2619 1300 2684 semper
1326 2627 1354 2666 so

151 2701 321 2766 incursa.
1211 2696 1216 2708 ’

198 2805 327 2870 Inuenit
349 2805 462 2890 Ioseph
486 2807 597 2872 fratres
622 2825 694 2871 suos
717 2807 750 2871 in
774 2807 935 2872 Dotheim.
973 2809 1123 2874 Dothaim
1148 2810 1301 2894 interpre-

151 2913 241 2975 tstur
264 2911 405 2975 defectio.
444 2930 518 2975 uere
542 2911 574 2975 in
597 2912 709 2994 grandi
731 2912 905 2977 defectione
929 2918 1029 2994 eraut,
1061 2914 1174 2996 quide
1197 2915 1301 2980 fratri-

151 3013 237 3078 cidio
269 3014 457 3098 cogitabunt.
497 3015 639 3080 uidentes
671 3034 743 3099 ergo
767 3015 881 3100 loseph
911 3017 1025 3082 fratres
1056 3019 1106 3082 sui
1135 3019 1173 3082 de
1201 3024 1300 3084 morte

150 3117 238 3182 illius
260 3121 482 3184 tractuuerunt.
522 3119 568 3183 sic
588 3119 728 3184 uidentes
750 3138 861 3185 uerum
877 3121 990 3204 Ioseph
1005 3120 1112 3186 Iesum
1129 3122 1299 3204 Christum,
1327 3149 1353 3189 rs

264 3255 308 3325 19]
328 3255 427 3310 Psslm.
440 3257 482 3322 68,
495 3259 536 3312 24.

199 3379 213 3432 1
235 3375 390 3443 acciperunt
408 3376 438 3431 D
484 3333 645 3447 peresuerdt
663 3378 692 3433 D
745 3381 762 3434 2
780 3379 940 3448 perspexerit
958 3382 1039 3450 Aug,
1057 3397 1132 3450 semp
1150 3383 1253 3436 ererint
1270 3385 1300 3438 1)

150 3467 167 3518 5
193 3465 303 3517 sanctus
325 3463 440 3533 quoque]
464 3481 530 3520 oron
553 3468 711 3533 sanctusque
733 3467 925 3523 seruiendum?
981 3471 1001 3534 ,7
1021 3469 1299 3538 et—snnm1quieet

151 3549 220 3604 deus
242 3553 319 3619 peter
342 3549 432 3618 diligit
455 3551 622 3619 unigenitum
642 3569 729 3622 snum,
751 3553 894 3620 sicutipse
914 3552 990 3607 dixit:
1014 3554 1057 3607 hic
1076 3558 1116 3608 est
1133 3555 1205 3609 lilius
1224 3573 1298 3610 meus

151 3662 269 3716 dilectus
287 3664 359 3733 Aup.
414 3662 506 3718 dilexit
522 3666 629 3734 scripsi,
648 3663 742 3732 dilegit
758 3667 789 3722 D
841 3665 916 3720 misit
932 3685 1068 3737 suprascr.
1081 3669 1111 3723 D
1162 3636 1257 3731 80101]
1270 3671 1300 3724 D

153 3753 188 3806 10
207 3748 320 3804 irstrem
339 3765 416 3804 suum
435 3767 468 3806 es
486 3751 581 3806 tratres
600 3767 661 3805 suos
678 3754 708 3807 D
761 3759 884 3822 quereret
900 3771 934 3809 ex
951 3753 1079 3822 querebat
1094 3756 1124 3810 D
1179 3759 1208 3812 ll
1229 3756 1298 3810 heri-

151 3853 199 3890 mo
218 3838 248 3892 D
303 3840 335 3893 12
354 3853 405 3905 quo
423 3837 452 3891 in
471 3837 571 3892 mnndo
583 3841 665 3910 Aug„
684 3837 864 3908 qddammedo
882 3843 912 3896 D
966 3844 998 3897 14
1016 3843 1131 3896 siccimis
1149 3844 1257 3896 siccimu
1269 3845 1299 3897 D

153 3927 188 3980 15
208 3923 317 3978 dorsum
337 3924 423 3992 magis
441 3940 521 3994 quem
541 3925 636 3978 taciem
655 3931 760 3996 ponunt
777 3929 805 3980 in
824 3928 919 3982 sociem
938 3928 1002 3982 iusti
1021 3931 1092 4000 Aug.
1146 3933 1217 3983 retro
1235 3936 1298 3984 sunt

150 4037 237 4107 Aug,
256 4039 402 4090 retrorsum
422 4037 451 4091 D
516 4040 548 4093 16
567 4037 717 4092 dilectionis
736 4042 766 4095 D
831 4044 862 4096 17
882 4008 1009 4096 offembrl't
1026 4043 1056 4098 D
1122 4046 1153 4099 18
1174 4044 1297 4097 ueniente

150 4127 227 4195 Aug.
282 4123 383 4178 auctori
401 4125 508 4194 scripsi,
526 4129 661 4180 sectorem
680 4128 717 4196 D,
736 4131 844 4181 auctore
862 4131 934 4200 Aug.
987 4130 1079 4197 pntius
1097 4130 1127 4183 D
1181 4131 1297 4185 190101-

150 4211 263 4265 luerunt
280 4211 311 4266 D
381 4213 415 4267 22
433 4211 577 4266 intothuim
595 4214 624 4267 D
692 4216 726 4268 23
749 4215 996 4269 nere-delectione
1019 4217 1049 4272 D
1072 4217 1122 4284 bris,
1144 4217 1190 4272 sed
1203 4219 1298 4286 priore

150 4300 212 4354 loco
236 4297 361 4368 defectillll}
435 4297 584 4354 fretricidio
607 4299 651 4369 lllltp
674 4301 704 4354 D
730 4302 800 4369 (erud
818 4301 897 4356 hodie
913 4305 946 4358 io
961 4305 1030 4370 ras.)
1099 4303 1297 4374 240011100,

151 4401 214 4438 suos
233 4386 263 4440 D
315 4387 349 4439 25
368 4385 590 4455 Iesum-Ioseph
608 4404 658 4440 om.
673 4389 722 4455 D¹,
741 4389 804 4442 add.
818 4407 891 4444 marr.
904 4393 951 4444 alt.
964 4393 996 4444 in
1012 4408 1099 4461 usurp.
