3100 4892
265 438 304 501 18
727 438 748 491 1.
768 438 813 490 De
831 438 939 505 gralia

262 614 349 694 quin
372 614 496 695 gratia
517 614 589 677 iam
613 631 682 679 uon
706 619 765 678 est
787 616 918 697 gratia.
949 614 1062 695 quibus
1085 614 1334 695 respondendum
1351 620 1398 678 cst

262 718 322 781 duo
350 736 418 780 esse
444 736 561 799 genera
583 736 722 799 operum,
753 736 885 799 quorum
916 736 1015 781 unum
1042 723 1113 799 post
1143 719 1314 782 aduentum
1345 718 1397 782 do·

262 822 339 885 mini
354 826 543 902 remouetur,
560 822 644 885 alind
660 822 859 904 adprobatur.
891 840 964 887 nam
985 823 1131 886 dicendo:
1156 823 1188 886 ei
1212 840 1313 903 uero,
1336 824 1397 903 qui

262 944 332 989 non
360 930 549 1007 operatur,
578 926 746 990 credenti
773 930 898 990 autem
928 928 965 990 in
996 946 1091 1005 eum,
1122 928 1181 1009 qui
1209 927 1398 991 iustificat

222 1046 235 1086 ⁶
260 1030 431 1113 impium,
453 1033 651 1113 reputatur
674 1031 770 1094 fides
794 1031 874 1093 eius
898 1030 941 1094 ad
957 1031 1158 1111 iustitiam,
1183 1035 1288 1113 aperte
1304 1030 1396 1095 fidem

260 1135 338 1216 legis
361 1133 506 1217 operibus
530 1134 701 1215 anteponit.
737 1153 838 1215 neque
867 1135 951 1198 enim
978 1136 1188 1216 apostolorum
1217 1136 1398 1199 testimonia

261 1238 494 1320 conpugnanlia
515 1242 547 1301 et
568 1238 722 1302 contraria
744 1238 804 1301 sibi
829 1257 897 1301 esse
917 1239 1066 1318 dicemus,
1091 1256 1162 1301 curn
1178 1240 1258 1303 alius
1274 1241 1396 1320 aposto·

261 1343 310 1405 lus
341 1342 441 1405 dicat:
476 1342 572 1405 fides
601 1343 681 1405 sine
711 1342 886 1424 operibus
921 1346 1066 1405 mortua
1098 1348 1167 1423 est,
1202 1347 1233 1406 et
1264 1344 1395 1407 iterum:

261 1446 416 1509 ostende
439 1446 530 1510 mihi
548 1446 663 1511 tidem
685 1450 786 1510 tuam
810 1447 889 1509 sine
912 1446 1085 1529 operibus
1115 1451 1150 1510 et
1182 1464 1247 1529 ego
1276 1452 1396 1511 osten-

211 1566 236 1605 ro
261 1550 342 1613 darn
366 1550 436 1613 tibi
459 1568 499 1613 er
522 1550 697 1633 operibus
712 1551 825 1614 fidem
842 1568 967 1614 meam.
1000 1554 1039 1613 tu
1062 1551 1198 1630 credis,
1222 1552 1396 1632 quoniam

261 1673 355 1717 unus
385 1654 473 1717 deus
504 1658 574 1733 est,
603 1654 696 1717 benc
726 1655 832 1718 tacis.
875 1657 911 1718 et
944 1654 1141 1718 daemones
1172 1656 1327 1719 credunt
1362 1658 1397 1718 et

261 1759 568 1837 contremiscunt,
598 1758 691 1822 item:
724 1759 822 1822 sicut
853 1759 949 1822 cnim
981 1776 1112 1840 corpus
1148 1760 1226 1822 sinc
1259 1759 1396 1840 spiritu

261 1866 447 1925 mortuum
477 1865 547 1942 est,
578 1863 632 1925 ita
661 1865 697 1926 et
726 1863 823 1926 fides
854 1864 933 1926 sine
960 1863 1134 1944 operibus
1163 1867 1307 1927 mortua
1329 1867 1395 1925 est.

261 1965 315 2028 sed
338 1984 394 2028 nec
417 1967 483 2046 ipse
506 1966 612 2029 doctor
633 1967 775 2049 gentium
798 1966 915 2029 Paulus
938 1966 1079 2029 diuersus
1095 1966 1155 2029 sibi
1178 1970 1208 2029 et
1223 1969 1396 2030 contrarius

210 2085 234 2123 ¹⁵
261 2069 423 2151 apparebit
455 2070 500 2133 ita
533 2070 657 2133 dicens:
694 2071 731 2134 in
768 2069 941 2133 omnibus
975 2069 1215 2133 exhibeamus
1249 2076 1397 2134 nosmet

260 2175 359 2257 ipsos
384 2156 482 2238 sicut
505 2173 562 2237 dei
585 2174 780 2237 ministros
803 2175 840 2241 in
863 2175 1195 2257 multapatientia,
1219 2175 1255 2238 in
1278 2175 1396 2238 tribu·
1495 2161 1498 2169 ’

259 2278 482 2357 lotionibus,
506 2278 542 2341 in
564 2278 874 2359 necessitatibus,
901 2278 939 2343 in
963 2278 1165 2361 angustiis,
1193 2278 1230 2341 in
1257 2280 1395 2362 plagia,

259 2381 296 2445 in
319 2381 550 2461 carceribus,
572 2382 611 2444 in
633 2382 902 2462 seditionibus,
925 2383 962 2445 in
984 2382 1193 2462 laboribus,
1218 2382 1394 2446 etiterum:

260 2485 515 2567 unusquisque
548 2485 735 2567 propriam
767 2486 973 2550 mercedem
1004 2487 1162 2569 accipiet
1192 2486 1394 2550 secundum

207 2605 234 2641 πο
260 2607 363 2651 sunm
387 2588 560 2653 laborem,
596 2606 676 2670 quae
699 2590 851 2671 imperitis
879 2591 1009 2653 indoctis
1037 2594 1068 2653 et
1098 2591 1155 2671 bio,
1186 2590 1239 2671 qui
1269 2591 1395 2653 ueritati

259 2692 416 2756 obstinato
443 2692 554 2774 spiritu
576 2693 779 2773 reluctantur,
811 2694 1019 2758 discordantia
1046 2694 1245 2758 uidebuntur.
1283 2713 1394 2757 uemm

259 2797 345 2859 iuxta
366 2796 552 2860 catholicam
576 2797 718 2880 regulam
739 2814 832 2880 opera
854 2799 933 2881 legis
957 2803 1158 2878 euacuantur,
1182 2816 1261 2880 quae
1284 2818 1395 2861 secun-

260 2899 334 2963 dum
356 2900 492 2963 litteram
517 2904 601 2979 sunt,
624 2904 657 2963 et
679 2919 724 2981 ea,
748 2920 827 2983 quae
850 2907 922 2985 post
945 2904 1078 2985 gratiam
1101 2903 1270 2967 comitante
1293 2902 1395 2986 gratia

259 3002 396 3085 gerenda
417 2998 500 3084 sunt,
524 3008 715 3069 asseruntur.

207 3122 233 3162 u
302 3106 472 3170 Uideamus
496 3108 521 3170 si
543 3108 603 3171 hoc
630 3109 675 3171 ita
702 3129 770 3172 esse
797 3109 890 3173 rebus
918 3110 994 3192 ipsis
1022 3110 1193 3193 adprobare
1220 3111 1392 3173 ualeamus.

260 3229 353 3292 opera
375 3211 454 3292 legis
477 3211 593 3274 destrui
617 3212 761 3294 legimus,
790 3232 860 3276 cum
884 3214 1071 3277 Iudaeorum
1095 3214 1262 3295 conprimit
1284 3214 1393 3277 clatio-

259 3333 332 3378 nem
355 3315 478 3378 dicens:
508 3315 569 3379 obi
597 3320 666 3397 est,
694 3318 808 3399 inquit,
839 3319 1017 3401 gloriatio
1046 3321 1129 3382 tua?
1153 3319 1303 3382 exclusa
1326 3322 1392 3382 esi.

258 3437 450 3500 perquam
474 3419 618 3501 legem?
642 3422 852 3485 factorum?
876 3440 962 3502 non,
986 3424 1048 3486 sed
1071 3423 1269 3507 perlegam
1292 3422 1393 3486 fidei.

259 3521 485 3586 arbitramur
508 3524 603 3586 enim
629 3526 835 3589 iustificari
861 3526 1046 3591 hominem
1075 3546 1139 3610 per
1169 3527 1284 3591 iidem
1315 3529 1394 3590 sine

206 3640 233 3680 ω
259 3626 432 3708 operibus
454 3626 560 3709 legis.
591 3628 732 3691 similiter
755 3632 787 3692 et
810 3631 848 3692 ad
871 3628 999 3694 Galatas
1023 3630 1111 3694 dicit:
1141 3630 1319 3711 scientae,
1346 3632 1395 3694 in-

259 3730 342 3810 quit,
373 3729 466 3811 quod
501 3748 571 3795 non
606 3732 844 3796 iustificetur
873 3732 979 3797 horno
1015 3754 1055 3798 cr
1089 3734 1264 3817 operibus
1298 3736 1394 3818 legis

361 3926 389 3995 8]
408 3926 459 3981 Iac.
473 3930 497 3989 2,
512 3929 543 3983 17
554 3944 592 3995 sq.
634 3928 678 3997 12]
691 3929 744 3982 Iac.
757 3933 781 3995 2,
792 3932 832 3985 26.
879 3932 1136 4001 15]2Cor.6,4sq.
1178 3930 1322 4001 lllllCor.
1333 3934 1357 3997 3,
1368 3936 1393 3989 8.

258 4012 303 4081 27]
323 4012 398 4066 acm.
418 4015 442 4075 a,
455 4016 497 4068 aa
550 4015 596 4083 ao]
615 4014 674 4069 car.
692 4018 717 4080 2,
732 4019 771 4071 ro.
887 4090 889 4096 y

301 4168 534 4237 3improbaturo
581 4172 758 4273 bapteponet
776 4174 804 4226 P
849 4142 1006 4243 preribus
1024 4148 1081 4228 sine
1100 4177 1127 4229 P
1174 4178 1205 4230 lo
1224 4176 1396 4243 pacientiaP

257 4282 291 4335 20
309 4280 451 4350 imperitis]
464 4282 596 4337 abaddir
640 4283 725 4336 doctis
743 4284 784 4337 Ρ1
832 4289 865 4341 23
884 4286 981 4355 gratia]
1000 4288 1155 4355 gratiamP
1205 4290 1239 4342 26
1257 4286 1353 4340 distrui
1368 4288 1397 4341 P

257 4368 292 4421 28
310 4366 387 4419 fidaei
407 4368 434 4420 P
484 4370 517 4422 29
535 4368 649 4421 institari
668 4372 709 4423 P¹
762 4374 796 4425 30
814 4371 935 4439 galathas
954 4374 981 4426 P
