3100 4892
241 399 304 464 236
662 399 727 453 1111.
747 399 857 453 Sermo
875 401 951 454 3-4.

241 575 344 655 timor,
372 575 499 642 deberet
526 575 647 660 exigere
669 593 688 640 a
710 573 802 641 nobis
825 575 940 640 Christi
970 593 1068 639 amor.
1113 575 1142 638 si
1168 592 1241 657 ergo
1268 577 1379 657 potens

240 697 373 764 persona
388 682 497 744 contra
518 698 575 744 nos
599 681 727 760 saeuiat,
750 683 892 745 tacemus
908 683 940 744 et
961 680 1038 744 nibil
1054 678 1156 743 dicere
1171 679 1239 743 ausi
1260 696 1379 757 sumne,

241 785 267 849 si
289 801 362 848 uero
386 787 440 848 aut
462 785 600 867 aequatis
623 788 678 849 aut
698 785 779 849 forte
802 785 929 849 inferior
952 785 1002 848 uei
1029 785 1134 848 leuem
1156 783 1380 847 contumeliam

242 889 358 968 iecerit,
382 889 471 971 quasi
493 888 559 954 iera
581 888 683 953 bestia
705 889 772 953 siue
796 890 860 953 ulla
881 889 1032 971 patientia
1054 905 1092 952 ac
1114 889 1181 952 sine
1204 887 1309 969 aliqua
1331 885 1381 950 dei

201 1019 214 1062 a
241 993 500 1076 contemplatione
516 993 734 1076 consurgimus
747 997 779 1056 et
793 996 847 1057 aut
861 993 894 1056 in
908 993 1065 1074 praesenti
1080 992 1225 1056 iniuriam
1239 994 1381 1054 nostram

241 1097 436 1162 uindioamus
465 1100 520 1162 aut
542 1102 626 1161 certe
649 1097 688 1161 ed
715 1097 865 1162 maiorem
893 1097 995 1160 uicem
1024 1095 1215 1160 reddendam
1237 1098 1381 1160 nostrum

241 1202 380 1266 animum
410 1219 643 1285 praeparamus.
688 1201 762 1284 quid
794 1205 842 1266 est
871 1201 940 1282 boc,
972 1200 1064 1282 quod,
1095 1200 1218 1283 quando
1248 1217 1382 1283 persona

241 1311 351 1391 potens
372 1305 461 1372 nobis
484 1307 630 1372 iniuriam
651 1306 792 1386 eontulit,
814 1307 970 1388 patienter
985 1305 1166 1388 accipimus,
1189 1304 1312 1386 quando
1335 1305 1382 1368 in-

241 1413 344 1491 ferior,
360 1411 455 1476 nimio
470 1411 573 1476 furore
589 1411 827 1475 succendimur?
858 1411 941 1492 quia,
957 1409 1011 1475 ubi
1027 1411 1191 1474 timuimus
1211 1408 1381 1488 bominem,

192 1542 216 1580 ιο
242 1517 293 1580 hic
317 1517 410 1580 deum
433 1516 542 1580 timere
565 1517 721 1580 nolumus.

285 1619 374 1685 Unde
397 1637 471 1704 rogo
494 1637 561 1701 uos,
584 1620 706 1701 fratres,
730 1623 775 1700 ut,
799 1623 951 1702 quantum
973 1619 1139 1702 possimus,
1162 1636 1234 1681 eum
1257 1617 1306 1681 dei
1329 1617 1382 1680 ad·

242 1725 354 1789 iutorio
377 1742 428 1788 cor
451 1727 594 1788 nostrum
614 1724 652 1787 ad
675 1724 860 1805 patientiam
882 1741 1105 1806 praeparemus
1129 1726 1160 1786 et
1180 1723 1213 1785 in
1235 1721 1383 1785 omnibus

243 1833 274 1894 et
295 1829 386 1893 maiis
414 1826 593 1892 bominibus
618 1828 809 1892 medicorum
837 1827 922 1891 uices
945 1845 1038 1910 agane
1061 1826 1244 1890 studeamus
1267 1829 1299 1889 et
1320 1841 1382 1888 non

243 1934 327 2016 ipsos
349 1933 502 2012 nominee,
526 1933 580 1996 sed
604 1933 742 2015 ipsorum
767 1932 920 1995 malitiam
944 1932 1012 1995 odio
1034 1930 1219 1994 habeamus.
1258 1947 1382 1992 oremus

192 2062 217 2104 15
243 2055 298 2120 pro
325 2037 424 2118 bonis,
453 2040 488 2100 ut
515 2054 638 2118 semper
665 2037 703 2100 ad
732 2037 862 2100 meliora
888 2034 1108 2115 conscendant,
1135 2053 1191 2117 pro
1218 2035 1321 2113 malie,
1349 2037 1383 2096 ut

242 2143 303 2205 cito
332 2141 371 2205 ad
398 2140 649 2205 emendationem
677 2141 759 2204 uitae
787 2145 817 2204 et
848 2140 887 2204 ad
917 2139 1127 2222 paenitentiae
1155 2138 1383 2202 medicamenta

243 2245 435 2329 confugiant,
458 2263 553 2327 quam
575 2245 824 2310 remorantibus
848 2244 937 2308 nobis
960 2244 1029 2326 ipse
1051 2247 1210 2326 praestare
1226 2242 1380 2325 dignetur,

243 2351 384 2433 quicum
406 2353 493 2433 patre
517 2353 549 2413 et
564 2349 674 2432 spiritu
696 2353 803 2412 saneto
826 2349 905 2412 uiuit
927 2352 959 2411 et
980 2351 1091 2431 regnat
1114 2347 1189 2410 deus
1204 2348 1236 2410 in
1259 2345 1383 2409 saecula

245 2456 448 2519 saeculorum.
474 2453 586 2518 Amen.

775 2609 850 2673 IIII.

561 2753 663 2794 SERMO
685 2754 728 2794 Da
752 2752 871 2794 SANOTO
894 2751 1066 2794 STEPHANO.

288 2871 438 2952 Quotiens
469 2872 631 2937 caritatem
662 2875 803 2935 uestram
833 2870 1005 2935 seeundum
1035 2873 1237 2953 praeceptum
1266 2865 1382 2932 domini

245 2977 284 3042 ad
314 2976 484 3060 diligendos
515 2976 657 3041 inimicos
688 2993 856 3057 prouocare
887 2974 1053 3054 debemus,
1082 2975 1189 3052 timeo,
1219 2990 1258 3035 ne
1288 2970 1381 3052 aliqui

245 3082 381 3165 cogitent
404 3085 434 3144 et
450 3081 553 3145 dicant
576 3099 609 3143 se
633 3080 813 3144 nullatenus
836 3080 894 3144 boc
916 3097 1007 3161 posse
1022 3078 1162 3160 implere.
1193 3077 1273 3140 torte
1290 3076 1382 3140 etiam

192 3210 218 3250 er
246 3190 277 3250 et
298 3186 356 3249 boc
379 3185 499 3250 obicere
527 3185 637 3248 uolunt
661 3189 692 3248 et
720 3185 825 3248 dicant
851 3182 913 3267 (se)
936 3202 1059 3264 semper
1082 3181 1242 3246 Christum
1269 3179 1383 3243 imitari

245 3308 305 3355 uon
329 3308 429 3372 posse.
466 3307 535 3353 ecce
551 3288 609 3354 tibi
632 3290 750 3371 loquor,
773 3289 911 3368 ohomo,
934 3287 1122 3369 quicumque
1139 3286 1224 3365 dicis,
1247 3284 1329 3366 quod
1351 3283 1382 3346 in

287 3454 411 3510 2seuiet
434 3455 462 3508 D
526 3452 726 3508 3c0ntumiliai
743 3453 772 3506 Ι)
836 3452 1015 3506 uuineamus
1034 3451 1063 3504 D
1125 3449 1338 3519 ippararemus
1355 3447 1384 3501 D

245 3541 330 3610 aubi]
343 3543 458 3609 seruasse
471 3539 506 3592 ibi
520 3559 580 3594 cum
593 3541 664 3594 Mac
678 3541 793 3608 λ111119.
806 3539 976 3593 scribendum
1039 3535 1261 3600 ldnoluimusl)
1314 3535 1384 3589 leet

245 3635 306 3684 autc
324 3627 401 3680 malis
419 3645 470 3682 om.
494 3628 570 3682 Mac.
594 3633 619 3682 ct
641 3628 712 3696 dap.
777 3625 929 3679 studicmus
947 3626 987 3679 D¹
1059 3626 1092 3680 14
1109 3621 1189 3676 hodio
1206 3621 1337 3674 habemus
1354 3621 1383 3675 D

246 3743 279 3796 15
298 3705 497 3794 muscenudd'n
550 3743 583 3794 16
597 3737 852 3810 emendationemD
904 3738 959 3792 uite
972 3739 1001 3792 D
1052 3735 1240 3806 penitenticD
1293 3736 1325 3789 17
1344 3749 1382 3786 re-

245 3825 411 3880 morantibus
434 3827 463 3880 D
486 3858 489 3864 ·
554 3828 586 3881 21
611 3823 650 3880 ite
670 3823 723 3878 alia
746 3840 866 3878 sermone
890 3822 922 3877 dc
944 3821 988 3878 s‘b‘o
1012 3823 1140 3892 stephano
1162 3823 1206 3890 D,·
1226 3823 1271 3876 bic
1296 3837 1382 3876 sermo

242 3915 328 3984 paulo
347 3914 455 3968 breuior
476 3915 566 3982 facture
583 3919 607 3967 et
629 3913 788 3968 incunctatus
809 3913 891 3977 (deest
913 3911 1004 3966 asadia
1024 3914 1080 3980 scre
1098 3910 1179 3979 pars)
1201 3914 1288 3964 exstat
1309 3907 1384 3977 apud

245 4002 364 4070 Maium,
386 4006 537 4069 coapata
556 4000 721 4054 11111148
738 3999 890 4067 Augustini
911 3999 1021 4053 nominc
1042 4014 1055 4051 e
1077 3997 1134 4052 eod.
1158 3997 1243 4050 Vatia
1263 3997 1316 4048 479
1336 3993 1382 4062 (od.

245 4093 324 4142 110a
345 4089 433 4144 editus
486 4089 518 4142 25
542 4085 661 4156 obiecere
676 4087 705 4139 D
755 4099 784 4137 se
796 4101 900 4153 semper
911 4086 1018 4153 scripsi,
1037 4083 1188 4152 semperDv
1233 4079 1384 4134 emitarel)

245 4177 279 4230 26
296 4177 380 4230 uerba
398 4190 456 4228 ecoe
475 4173 524 4227 tibi
542 4173 637 4241 loquor·
650 4201 681 4209 -
690 4189 755 4242 pap.
769 4176 829 4241 238,
842 4176 859 4224 9
875 4188 945 4240 genu
963 4171 1037 4224 flexit
1053 4188 1086 4225 ec
1098 4169 1250 4239 Augustini
1266 4183 1383 4223 aarum

246 4263 368 4316 XXXX
374 4262 467 4316 VIIII
476 4265 518 4329 10,
531 4266 563 4314 11
577 4261 735 4329 depromptu
746 4265 810 4314 eunt
827 4259 873 4328 (cs.
886 4259 1002 4328 append.
1016 4275 1093 4313 sum.
1110 4255 1215 4322 CCXI)
1262 4255 1382 4322 quicum·

247 4363 296 4418 que
316 4351 396 4418 Aug,
415 4348 459 4414 qui
479 4363 538 4400 cum
558 4348 587 4400 D
