3100 4892
249 409 337 464 LXIV
696 409 941 478 Prolegomcna.
1016 421 1022 431 ·

250 585 387 670 episcopi
402 583 474 649 fidei
488 585 577 666 ratio,
594 583 721 663 Gelasii,
744 584 884 667 Ioannis,
906 583 1035 668 Aguelli
1051 583 1202 666 opuscula
1217 601 1236 646 a
1250 581 1388 648 sichario

249 691 340 754 edita.
365 690 429 755 iam
450 690 476 754 si
490 688 619 774 Agnslli
642 689 680 753 de
703 691 823 754 ratione
845 689 918 753 fidei
939 689 1065 754 libellus
1081 686 1230 753 Sichardo
1252 690 1333 751 teste
1356 687 1388 751 in

249 795 352 858 codice
375 793 553 858 Treuirensi
576 793 730 875 exstabat,
752 795 886 860 fortasse
909 793 1002 857 hodie
1025 810 1147 874 qnoque
1163 791 1272 856 Fausti
1296 809 1389 874 opus-

248 899 355 962 culum
370 899 402 962 in
417 897 607 962 bibliotheca
623 897 802 966 Treuirensi
825 898 913 962 latet.
944 900 1027 960 certe
1044 915 1082 960 ea
1096 894 1176 960 mihi
1190 895 1390 960 retractanda

248 1006 336 1084 sunt,
367 1021 447 1084 quae
477 1003 552 1067 olim
582 1003 615 1067 in
646 1001 880 1084 quaestionibus
911 1001 1026 1065 criticis
1057 1001 1095 1065 de
1125 999 1234 1065 Fausti
1264 1000 1388 1082 scriptis

247 1107 393 1190 (Ephem.
409 1125 515 1191 gymn.
534 1110 630 1171 austu.
650 1103 733 1169 1890
755 1125 786 1189 p.
804 1103 881 1189 299)
904 1104 1064 1189 opinabar,
1092 1104 1199 1168 deberi
1222 1103 1388 1168 editionem

247 1211 420 1294 prinoipem
450 1211 591 1294 opusculi
619 1209 783 1275 Faustiani
805 1211 897 1274 Petro
920 1209 1051 1273 Pithoeo
1079 1208 1245 1293 (Ueterum
1271 1208 1389 1289 aliquot

247 1312 368 1379 Galliac
383 1316 598 1399 theologorum
615 1315 741 1397 scripta,
757 1314 886 1379 Parisiis
901 1310 994 1394 1586,
1010 1334 1040 1396 p.
1056 1311 1131 1376 124:
1157 1310 1276 1374 Fausti
1291 1309 1388 1396 laepia·

250 1415 384 1481 Galliae
396 1417 539 1503 episcopi
551 1417 589 1480 do
601 1416 818 1500 rationsfldsi
830 1416 876 1480 ad
888 1416 1011 1480 obiecta
1022 1414 1180 1500 quasdam
1192 1414 1387 1501 responsio).

246 1542 341 1605 quem
357 1523 465 1589 Fausti
485 1523 629 1587 libellum
652 1541 724 1586 cum
748 1524 927 1605 exciperent
948 1525 1095 1604 quattuor
1110 1521 1220 1585 Fausti
1235 1520 1386 1603 epistulas

246 1627 418 1692 uPithoeo
449 1647 485 1691 ex
516 1628 621 1691 codice
643 1627 787 1691 Parisino
816 1627 913 1692 latino
943 1645 974 1690 n.
997 1623 1082 1688 1564
1108 1625 1247 1708 primum
1274 1624 1386 1703 editae,

245 1732 349 1814 ipsum
372 1748 493 1813 quoquc
517 1751 533 1794 e
556 1731 660 1796 codice
684 1731 819 1812 quodam
834 1730 977 1795 Parisino
994 1729 1186 1813 descriptum
1201 1747 1269 1792 esse
1285 1728 1385 1811 primo

245 1835 390 1917 opinatus
402 1835 442 1898 H.
453 1834 635 1899 Omontium
647 1833 827 1899 Parisinum
842 1835 946 1897 uirum
962 1833 1181 1897 doctissimum
1196 1851 1252 1914 per
1263 1832 1385 1895 litteras
1461 1882 1463 1887 .

245 1939 307 2002 adii
330 1941 362 2001 at
383 1956 570 2022 responsum
593 1941 713 2002 certum
736 1938 795 2002 tuli
816 1956 880 2002 non
903 1941 1024 2002 exstare
1043 1936 1134 2002 illum
1149 1937 1182 2000 in
1197 1935 1386 2000 bibliotheca
1524 2018 1525 2021 Ἴ

245 2042 397 2122 Parisino,
425 2061 535 2124 nequo·
553 2043 686 2125 amplius
711 2061 794 2106 nunc
817 2041 908 2106 credo
931 2060 1025 2124 usum
1047 2060 1117 2104 esse
1139 2041 1307 2105 Pithoeum
1333 2056 1386 2104 co·

245 2146 311 2210 dice
334 2147 557 2228 manuscripto,
581 2164 654 2211 nam
678 2145 842 2228 utriusque
865 2145 1011 2210 editionis
1033 2145 1139 2208 uerbis
1161 2144 1243 2207 inter
1265 2163 1299 2208 se
1322 2145 1385 2207 col-

244 2251 318 2314 latis
344 2250 513 2315 Pithoeum
543 2252 619 2315 satis
650 2249 798 2314 habuisse
825 2249 935 2314 Fausti
965 2249 1151 2332 opusculum
1181 2267 1218 2311 cx
1245 2247 1385 2313 Sichardi

244 2352 393 2419 Antidota
416 2357 556 2438 repetere
579 2355 657 2418 mihi
678 2354 830 2438 persuasi.

288 2458 385 2523 Nobis
409 2476 541 2540 quoque,
569 2477 640 2522 eum
662 2458 741 2522 liber
765 2456 999 2541 manuscriptus
1021 2460 1145 2540 praesto
1168 2473 1229 2521 non
1254 2457 1303 2537 sit,
1333 2474 1384 2520 ac-

244 2563 468 2645 quiescendum
492 2567 541 2627 est
562 2563 594 2626 in
611 2561 750 2628 Sichardi
774 2562 919 2641 editione,
943 2579 1036 2644 quem
1051 2566 1158 2625 tamen
1174 2559 1275 2624 bonae
1290 2564 1383 2624 notae

244 2669 379 2731 codicem
402 2665 581 2731 adhibuisse
596 2683 688 2730 nemo
712 2683 774 2730 non
798 2666 894 2746 uidet,
917 2684 989 2730 cnm
1011 2666 1098 2730 nullo
1121 2665 1185 2728 fere
1201 2665 1268 2728 loco
1284 2665 1382 2728 oratic

244 2771 310 2835 hiet
332 2771 384 2835 uel
413 2771 564 2836 mendosa
594 2789 662 2834 csse
692 2771 844 2834 uideatur.
885 2770 1061 2833 addidimus
1092 2772 1235 2833 accurate
1257 2769 1382 2832 locose

244 2893 333 2939 sacra
351 2875 506 2958 scriptura
523 2874 666 2939 laudatos
687 2874 735 2938 uel
756 2893 793 2938 ex
812 2874 881 2938 aliis
897 2874 1006 2938 Fausti
1026 2874 1151 2957 scriptis
1171 2873 1380 2956 depromptos.

243 2979 309 3042 fore
332 2983 438 3042 autem
462 2979 551 3043 utin
575 2979 672 3042 altero
695 2977 937 3042 Faustianorum
960 2996 1090 3060 operum
1113 2977 1273 3041 uolumine
1295 2981 1382 3060 post·

244 3083 372 3147 modum
395 3083 514 3147 edendo
529 3083 613 3146 idem
628 3082 815 3165 opusculum
831 3082 870 3146 ad
886 3082 1027 3146 codicum
1043 3083 1260 3145 auctoritatem
1275 3099 1382 3144 recen-

244 3188 339 3252 situm
362 3188 463 3252 denno
487 3187 578 3251 edere
601 3186 691 3252 nobis
713 3188 817 3267 liceat,
840 3186 920 3250 bene
943 3203 1117 3268 speramus.

274 3489 368 3574 ΟΑΡ.
387 3489 447 3573 lIl.
480 3488 539 3572 DE
566 3488 743 3572 RUlllllll
768 3487 980 3572 llPlSOOPl
1006 3487 1352 3572 hllllllUlllllNSlS

489 3619 608 3718 utun,
636 3618 854 3718 SUMPTIS,
881 3616 1130 3701 cohibilius,

285 3813 431 3877 Ruricius
462 3813 565 3878 senior
596 3830 692 3894 aeque
723 3814 816 3894 atque
848 3811 913 3876 eius
943 3831 1040 3895 nepos
1070 3812 1212 3876 ciusdem
1245 3813 1381 3878 nominis

243 3919 405 4002 episcopus
422 3917 653 3982 Lemonicensis
677 3916 773 3982 nobih
795 3935 908 4000 genere
925 3915 1044 3982 Gallico
1068 3921 1160 3982 natus
1184 3921 1261 4000 erat,
1284 3937 1380 4000 quare

242 4040 261 4086 a
284 4020 408 4087 Sidonio
432 4021 463 4085 in
487 4039 583 4085 carm.
599 4020 645 4085 XI
661 4018 703 4083 62
725 4018 886 4106 superbos
909 4019 1071 4083 Ruricius
1095 4022 1270 4104 appellatur
1293 4027 1325 4086 ct
1347 4024 1381 4088 in

241 4125 423 4211 Epitaphio
446 4124 661 4188 Ruricioruns
687 4125 912 4210 cpiscoporum
937 4124 1086 4187 ciuitatis
1110 4124 1334 4189 Limousciuac
1362 4146 1381 4191 a

242 4231 411 4296 Fortunato
435 4231 606 4313 composito
626 4229 736 4313 (carm
752 4230 818 4294 llll
833 4229 867 4313 b)
890 4230 1057 4295 laudantur
1080 4230 1123 4315 (u.
1141 4229 1160 4291 7
1177 4231 1239 4314 sq.)
1261 4232 1380 4314 gemini

241 4335 357 4400 Ruricii
379 4335 459 4418 (scil.
477 4353 554 4400 auus
579 4338 608 4398 et
631 4333 742 4419 nepos)
765 4335 862 4399 iuncti
885 4355 958 4399 cum
979 4338 1073 4419 gente
1091 4335 1224 4417 patricia
1238 4335 1380 4400 Romana
