3100 4892
263 419 328 484 370
766 423 893 476 Ruricii

262 597 432 680 proceritas
461 599 621 680 premite
623 599 707 663 tsic
729 598 890 663 inundatio
912 598 990 662 roris
1013 598 1212 680 aspergite
1190 599 1370 661 uttraccmr
1309 595 1392 660 trac't

261 701 375 785 frigore
397 701 448 766 uel
470 701 568 766 coacti
591 702 811 785 apricitatem'
804 703 884 786 ignis
899 701 1027 786 plurimi
1042 701 1151 766 diebus
1167 699 1391 784 cynocaumatis

261 822 491 886 quaereremus

305 907 365 974 Sed
395 928 467 974 cum
496 909 536 974 ad
564 911 678 991 locum,
708 912 748 975 ad
776 930 871 993 quem
899 910 1048 976 tendebat
1034 910 1178 976 tintent
1171 927 1210 990 ιο,
1240 909 1392 993 peruenis-

223 1031 378 1094 neamus,
409 1015 518 1079 uallati
545 1015 633 1098 aquis
661 1017 754 1097 atque
785 1015 952 1080 madefacti
975 1015 1028 1080 siti
1051 1015 1227 1097 occepimus
1251 1013 1391 1098 deperire,

261 1117 344 1199 quia,
374 1136 447 1183 cum
469 1122 563 1199 esset,
592 1121 629 1183 ιιι
650 1120 796 1200 diximus,
826 1120 908 1204 rigor
931 1120 963 1184 in
986 1138 1067 1199 aere,
1094 1123 1162 1184 erat
1182 1123 1290 1184 emen
1314 1121 1391 1200 tepor

260 1223 294 1286 in
309 1222 406 1304 fonte,
430 1224 504 1288 odor
518 1224 552 1288 in
565 1222 704 1305 flumine,
728 1225 818 1289 ardor
833 1223 865 1289 in
883 1242 1003 1306 campo,
1027 1227 1131 1289 aestus
1155 1223 1188 1288 in
1208 1227 1321 1288 castro.
1354 1225 1390 1300 et,

261 1330 297 1391 ut
317 1326 406 1391 breui
429 1346 572 1392 sermone
594 1329 742 1393 uniuersa
763 1328 957 1409 concludam,
980 1347 1036 1411 per
1054 1328 1151 1393 talem
1166 1327 1253 1392 uiam
1269 1344 1326 1392 nos
1340 1327 1391 1390 iter

261 1431 362 1515 egisse
384 1433 571 1516 cognoscite,
598 1451 653 1515 per
676 1451 771 1514 quam
794 1451 852 1497 nee
875 1432 915 1497 ad
936 1432 1126 1516 paradisum,
1149 1449 1212 1497 non
1235 1432 1336 1496 dicam
1356 1429 1390 1494 ad

209 1559 234 1596 ro
261 1535 387 1600 erilium
419 1538 585 1618 quisquam
614 1537 659 1601 ire
682 1536 845 1602 desideret.
892 1540 1079 1621 quapropter
1102 1537 1174 1619 quia
1195 1537 1274 1600 haec
1296 1533 1392 1600 omnin

260 1639 404 1704 dominus
428 1645 533 1705 noster
556 1645 588 1704 et
611 1636 663 1704 me
685 1642 841 1705 incurrere
865 1645 897 1705 et
919 1659 975 1706 uos
999 1642 1090 1706 iussit
1106 1640 1249 1720 euadere,
1271 1641 1390 1723 peccate

260 1762 331 1808 mea
353 1763 372 1809 a
394 1745 506 1809 uestris
529 1745 647 1810 meritis
670 1746 765 1810 etiam
790 1745 906 1810 dicibili
927 1746 1036 1810 itinere
1059 1746 1251 1826 discernens,
1275 1747 1310 1808 ut
1330 1761 1388 1821 uos,

260 1849 313 1929 qui
342 1852 411 1913 arta
440 1854 472 1914 et
500 1850 656 1915 laboriosa
685 1850 867 1933 spiritaliter
896 1851 1024 1934 pergitis
1055 1851 1117 1931 uia,
1146 1849 1238 1915 istius
1266 1866 1327 1912 nou
1347 1846 1389 1910 iu-

260 1953 410 2018 cederetis
444 1954 616 2038 angustias,
651 1958 683 2019 et
714 1972 783 2036 noe,
817 1956 870 2038 qui
903 1955 968 2020 lata
1001 1959 1033 2019 et
1061 1956 1197 2038 spatiosa
1227 1957 1389 2018 retrorsum

208 2078 233 2117 e
260 2075 382 2140 semper
415 2058 618 2140 respicientes
651 2059 836 2141 incedimus
869 2059 962 2124 huius
996 2062 1225 2124 incurreremus
1259 2057 1388 2133 iniurias,

259 2165 344 2224 orate
313 2161 539 2244 tdominum,
569 2164 619 2227 cui
646 2164 750 2228 omnia
779 2164 941 2248 possibilia
967 2162 1237 2245 confitemur‚ut‚
1261 2163 1319 2228 etsi
1339 2177 1388 2242 per

259 2265 464 2331 diuersumt
439 2270 508 2348 nter,
531 2267 570 2332 ad
593 2286 689 2332 unam
712 2286 768 2332 nos
792 2272 900 2333 tamen
923 2268 1033 2333 urbem
1048 2269 1143 2333 faciat
1162 2267 1335 2345 conuenire,
1358 2264 1387 2328 in

258 2387 351 2451 quam
375 2388 432 2436 nos
455 2372 665 2437 misericordia
686 2375 790 2456 potest
812 2373 936 2454 inferre,
959 2391 1016 2438 uos
1040 2373 1159 2438 merita.

766 2599 884 2663 XVIII.

207 2759 233 2796 20
302 2757 488 2800 nuacmstmo
510 2759 550 2800 ET
573 2757 714 2801 dunelmo
736 2759 822 2802 mulo
844 2758 987 2802 ΟΜΜΑΤΙΟ
1007 2757 1151 2802 uumerus
1173 2758 1345 2800 malacenus

301 2891 345 2956 Ut
358 2910 414 2974 per
428 2891 599 2958 Uenerium
614 2893 770 2957 dulcedini
786 2896 857 2958 tuae
873 2910 936 2957 uon
951 2893 1129 2974 scriberem,
1149 2910 1212 2957 non
1227 2893 1383 2978 neglegen-

256 2996 319 3059 tiae
339 3014 398 3059 nec
419 2997 623 3079 inputationis
646 2997 789 3078 alicuius,
812 2997 868 3062 sed
887 2997 1098 3081 occupationis
1117 2997 1216 3062 fuisse
1234 3013 1381 3081 cognosco.

257 3100 339 3163 unde
366 3100 424 3164 has
450 3120 505 3184 per
526 3099 688 3166 Amelium
714 3101 794 3182 dedi,
825 3101 938 3184 quibus
961 3103 1048 3166 salue
1070 3101 1241 3185 plurimum
1264 3103 1381 3178 diceet,

256 3208 292 3268 ut
321 3205 471 3288 propositi
499 3206 546 3270 tui
569 3225 693 3290 semper
714 3207 935 3288 reminiscaris,
967 3206 1128 3271 admoneo.
1173 3224 1232 3272 nec
1254 3206 1381 3272 animun

204 3333 231 3373 ne
257 3312 348 3373 tuum
377 3309 441 3374 iam
471 3309 528 3374 deo
557 3309 694 3375 dicatum
723 3314 779 3376 aut
808 3329 827 3374 a
856 3313 965 3394 coepto
996 3310 1106 3376 itinere
1136 3309 1279 3376 blandior
1307 3311 1382 3374 uuus

257 3417 366 3478 auocet
395 3418 450 3478 aut
478 3414 667 3480 modulatior
696 3419 874 3500 corrumpat
905 3415 1028 3480 auditus
1059 3419 1114 3481 aut
1143 3415 1262 3481 dulcior
1283 3417 1382 3499 gaustus
1492 3407 1493 3442 ³

362 3578 405 3647 ιι]
424 3577 523 3633 reum.
538 3581 595 3644 121,
608 3583 633 3636 a.

301 3734 496 3802 iriensis
547 3735 713 3804 dirigemus
726 3737 910 3792 Memnocones
962 3735 1119 3804 plurimiso
1171 3738 1381 3804 3quaereremus

256 3821 449 3892 Memnocones,
467 3823 639 3890 querimusS
688 3825 804 3892 dquam
821 3823 885 3878 edd.
898 3842 923 3891 o,
940 3823 1030 3880 cnud
1081 3822 1143 3878 tin
1163 3835 1383 3892 componemus

256 3905 284 3960 in
303 3908 427 3966 comite?
446 3909 482 3963 8¹
547 3909 779 3977 9eognusciteS
839 3909 1044 3979 paradysumS
1109 3913 1140 3965 10
1162 3909 1201 3962 ire
1219 3910 1382 3978 quisquamn
1490 3947 1491 3950 ,

257 3995 289 4049 12
308 3997 339 4048 ut
355 3996 462 4064 amnui,
480 3996 550 4051 ees
613 3998 646 4052 13
664 3996 763 4052 isteso
827 3996 985 4050 incederetis
1005 3997 1033 4064 3,
1052 3995 1175 4052 inceditis
1193 3997 1256 4067 Kn,
1272 3993 1381 4051 incedere

256 4080 358 4134 debetis
371 4083 554 4138 Memnocones
608 4085 641 4138 ιι
653 4098 702 4136 uos
714 4101 746 4138 ee
758 4099 811 4136 nou
826 4084 849 4139 S
854 4087 862 4120 ¹
912 4083 963 4139 15
956 4099 1151 4137 incurreremus
1162 4085 1268 4153 seipsi,
1280 4080 1380 4136 iucurri-

255 4169 359 4224 mnsS
409 4171 441 4224 17
459 4169 555 4225 uuaS
604 4171 640 4224 20
657 4170 802 4226 emucioS
852 4172 884 4226 21
905 4169 1079 4226 dulcidinidi
1129 4172 1163 4226 22
1180 4166 1383 4240 inputacienisS

255 4281 290 4334 23
307 4297 337 4333 as
355 4280 428 4347 801
445 4298 517 4336 neena
535 4282 597 4348 alt.)
665 4283 700 4337 24
720 4283 871 4336 remiscaris
895 4283 918 4338 S
986 4299 1125 4338 ammoneo
1148 4284 1178 4350 S,
1200 4295 1380 4338 commonaon
1489 4245 1490 4319 I

256 4367 290 4420 25
309 4372 384 4433 cepto
403 4367 427 4421 S
477 4369 511 4422 23
528 4367 692 4421 modolacror
710 4369 735 4423 S
