3100 4892
264 453 328 518 306
703 453 768 508 IIII.
789 453 898 508 Sermo
917 455 959 512 21.

263 629 444 714 Aegyptum
468 629 608 694 infinitae
631 630 848 694 multitudines
872 631 1000 695 adsidue
1020 629 1227 695 confluebant.
1265 631 1321 694 sed
1339 631 1399 695 tor·

264 737 349 798 tasse
372 735 484 817 aliquis
508 735 599 814 dicat,
622 736 705 817 qnod
729 734 840 798 beatus
856 735 971 818 Ioseph
989 736 1139 819 paruulus
1155 736 1264 799 exierit
1280 739 1398 816 apatre

264 857 320 902 sno
343 841 375 902 et
396 839 465 902 ideo
488 857 559 902 eum
581 838 736 903 recordari
758 857 820 902 non
843 839 1005 922 potuisset.
1046 840 1175 903 nonita
1202 844 1260 919 est,
1292 840 1398 903 iratres

264 943 427 1006 carissimi.
464 962 541 1026 puer
564 944 648 1007 enim
671 945 748 1024 erat,
772 943 826 1006 sed
850 943 986 1007 sedecim
1009 961 1164 1007 annorum
1186 947 1218 1008 et
1245 944 1333 1007 nulla
1353 961 1400 1006 ra-

224 1079 237 1118 5
264 1047 347 1110 tione
374 1050 518 1129 parentas
547 1065 620 1111 euos
647 1050 771 1129 poterat
797 1046 950 1111 obliuisci.
989 1066 1063 1111 nam
1092 1053 1124 1111 et
1148 1048 1329 1110 intantum
1350 1065 1399 1110 eoa
1510 1030 1511 1053 ¹

263 1151 378 1216 oblitus
402 1170 463 1216 non
488 1155 564 1232 erat,
588 1155 623 1216 ut
638 1151 751 1216 fratres
768 1171 851 1232 auce,
875 1151 929 1215 ubi
944 1153 1082 1234 primum
1096 1152 1185 1232 uidit,
1207 1156 1399 1235 agnosceret.

306 1255 365 1320 Sed
388 1255 462 1319 dicit
478 1255 600 1337 aliquia,
623 1253 723 1339 (quia)
737 1256 897 1320 licentiam
915 1261 969 1319 ant
985 1257 1159 1340 potentiam
1176 1273 1238 1320 non
1257 1256 1401 1323 babuerit

263 1361 408 1424 mittendi
438 1360 476 1423 ad
507 1361 642 1444 patriam
673 1379 772 1424 suam.
812 1361 907 1425 etiam
938 1361 965 1424 si
994 1360 1053 1425 hoc
1084 1362 1173 1443 quasi
1203 1361 1271 1424 ueri
1302 1361 1400 1424 sirnile

263 1465 430 1545 uideretur,
464 1467 572 1547 postea
606 1483 700 1546 quam
732 1465 769 1527 de
800 1484 923 1528 carcere
955 1465 1085 1529 eductus
1117 1470 1165 1530 est
1195 1471 1226 1530 et
1256 1466 1400 1528 domiuus

212 1595 236 1634 ιο
263 1569 364 1632 factus
395 1569 427 1631 in
458 1569 543 1632 omni
565 1574 647 1633 terra
669 1568 818 1652 Aegypti,
848 1589 903 1651 per
926 1570 996 1634 illos
1020 1575 1141 1652 septem
1164 1589 1262 1633 annos
1293 1568 1401 1633 fertili-

262 1674 336 1736 tatis
367 1676 398 1736 et
428 1673 496 1737 illos
527 1673 614 1753 duos,
646 1674 699 1753 qui
722 1675 872 1737 transacti
896 1678 970 1738 sunt
993 1678 1132 1755 tempore
1155 1675 1287 1757 inopiae,
1317 1678 1402 1737 ante·

262 1795 357 1859 quam
381 1778 492 1841 iratres
517 1779 564 1840 sui
588 1778 626 1842 ad
650 1797 722 1842 eum
746 1779 981 1857 descenderent,
1004 1798 1060 1861 per
1082 1780 1158 1843 istos
1174 1796 1289 1842 nouem
1306 1797 1401 1842 annos
1510 1796 1511 1799 ’

261 1883 294 1944 in
325 1883 471 1945 trecentis
503 1880 628 1944 milibus
659 1884 725 1946 sine
757 1884 822 1946 ulla
852 1883 1045 1947 dubitatione
1074 1885 1176 1964 potuit
1207 1884 1334 1946 mittere
1364 1882 1400 1945 ad

262 1990 385 2068 patrem
409 2005 511 2050 suum.
550 1987 604 2050 sed
628 1987 749 2050 occulto
774 1987 888 2051 iudicio
911 1989 968 2051 hoc
992 1988 1136 2051 dominus
1160 1987 1226 2051 lieri
1249 2006 1311 2050 non
1335 2006 1400 2067 per·
1510 1980 1511 2045 l

211 2117 234 2156 1⁵
262 2091 349 2154 misit
369 2091 400 2154 in
424 2094 558 2170 tantum,
589 2095 624 2153 ut
647 2109 704 2153 nec
731 2095 807 2154 tuno
837 2110 870 2153 ee
901 2092 1119 2155 manifestaret
1148 2091 1297 2155 tratribus
1328 2092 1397 2168 suia,
1510 2134 1511 2157 r

261 2195 385 2276 quando
409 2195 447 2257 ad
471 2195 638 2259 emendum
663 2196 803 2258 triticum
826 2201 1048 2274 conuenerant,
1079 2198 1154 2278 quin
1181 2196 1280 2259 immo
1303 2195 1398 2259 duns—
1510 2212 1511 2241 ἐ

260 2299 338 2363 sime
372 2300 416 2362 eis
450 2299 581 2381 loquens
612 2302 644 2363 et
673 2300 804 2363 fratrem
834 2299 960 2363 illorum
991 2300 1023 2363 in
1054 2301 1188 2364 uinculis
1220 2303 1332 2364 tenens
1361 2298 1397 2362 ad
1510 2284 1511 2297 ¹

259 2406 381 2487 patrem
405 2421 498 2466 suum
523 2421 574 2466 eos
598 2421 669 2466 cum
692 2403 804 2487 grandi
827 2404 930 2468 dolore
953 2405 1054 2468 redire
1077 2405 1177 2468 iussit.

303 2507 472 2571 Adtendite
489 2508 590 2571 adhuc
611 2513 640 2572 et
657 2509 740 2572 aliud
757 2509 858 2572 mains
874 2509 1069 2573 miraculum.
1109 2509 1222 2587 uidete,
1246 2507 1395 2590 quomodo

208 2639 234 2678 20
260 2611 373 2694 loseph
395 2612 517 2692 beatuS,
542 2613 594 2694 qui
617 2617 737 2695 patrem
762 2632 856 2676 sunm
880 2616 1010 2677 nouerat
1036 2631 1091 2695 pro
1114 2633 1148 2678 se
1171 2612 1394 2677 intolerabilem

260 2716 499 2780 amaritudinem
523 2717 688 2797 sustinere,
720 2719 808 2799 quasi
831 2734 942 2799 parum
966 2722 1059 2798 esset,
1090 2717 1171 2799 quod
1195 2721 1268 2781 ante
1294 2721 1396 2799 pertu-

259 2821 347 2900 lerat,
372 2820 473 2884 adhuc
496 2825 527 2884 et
549 2821 714 2885 Beniamin
736 2821 812 2885 fecit
833 2822 957 2901 auferri,
985 2838 1046 2903 quc
1069 2823 1152 2885 facto
1174 2823 1282 2903 utique
1305 2839 1395 2885 none·

258 2931 309 2990 rat
325 2947 397 2991 eum
413 2928 619 3009 multiplicem
635 2946 802 3009 passurum
819 2947 888 2992 esse
904 2928 1052 2992 dolorem.
1090 2930 1167 2991 haec
1189 2930 1271 2992 enim
1295 2928 1397 2992 omnia

260 3032 326 3095 sine
351 3033 450 3096 sancti
473 3032 600 3114 spiritus
624 3032 859 3114 dispensatione
881 3033 966 3096 facta
989 3033 1084 3096 luisse
1106 3051 1167 3097 non
1187 3033 1288 3097 credo.
1323 3033 1395 3095 dens

208 3161 233 3200 aa
261 3137 353 3218 enim,
385 3138 472 3200 cuius
495 3137 610 3200 indicia
632 3138 816 3219 plerumque
839 3142 913 3200 sunt
936 3138 1066 3217 occulta,
1100 3154 1271 3218 numquam
1294 3140 1395 3200 tamen

259 3241 385 3322 iniusta,
416 3242 469 3323 qui
499 3241 590 3305 beato
613 3241 705 3305 Iacob
738 3242 838 3305 noluit
868 3243 1004 3306 iudicare
1031 3241 1133 3305 tilium
1159 3261 1253 3304 sunm
1282 3241 1395 3318 uiuere,
1510 3314 1511 3325 ἵ

258 3346 310 3409 1111
334 3347 429 3410 etiam
458 3349 602 3410 sanctum
626 3346 740 3427 Ioseph
769 3344 860 3430 (non)
881 3347 1033 3429 permisit,
1064 3349 1100 3410 nt
1126 3346 1207 3429 patri
1230 3364 1286 3408 suo
1308 3362 1397 3406 suam

258 3450 390 3534 gloriam
407 3450 575 3531 nuntiaret,
596 3451 671 3531 quin
687 3451 784 3514 immo
800 3451 901 3514 adhuc
916 3450 1039 3515 Simeon
1055 3451 1088 3514 in
1104 3450 1237 3513 uinculis
1254 3448 1395 3525 tenendo,

301 3657 473 3713 3recordare
491 3659 521 3712 D
589 3656 689 3712 lunia
708 3658 737 3712 D
807 3657 914 3726 tlsuos]
938 3660 966 3710 at
983 3658 1047 3712 add.
1066 3657 1097 3712 D
1167 3657 1269 3724 'lqnia
1288 3655 1396 3721 addidi,

258 3763 308 3800 om.
322 3747 359 3814 D,
378 3745 440 3812 quia
457 3760 505 3814 pro
524 3761 561 3808 eo,
580 3743 651 3812 quod
670 3743 804 3812 Aegyptio
823 3743 931 3796 domino
949 3743 1082 3797 seruiebat
1100 3743 1164 3798 odd.
1184 3745 1257 3813 Aap.
1313 3745 1330 3797 8
1348 3758 1397 3810 pa-

257 3833 327 3884 trem
345 3847 424 3884 suum
442 3833 514 3900 Amy.
586 3834 619 3886 10
637 3833 723 3883 totam
742 3834 842 3884 terram
861 3830 932 3900 Aop.
1004 3833 1034 3885 ll
1059 3830 1188 3883 transacti
1207 3831 1288 3900 Aua,
1307 3831 1397 3881 trans-

258 3917 313 3972 deti
331 3920 360 3973 D
413 3921 446 3973 12
465 3917 632 3971 discenderet
650 3918 680 3971 D
735 3919 767 3972 13
785 3917 907 3971 tricentis
925 3918 955 3971 D
1015 3915 1137 3985 milibus]
1157 3932 1211 3970 non
1229 3916 1314 3986 potuit
1332 3916 1397 3969 mit·

256 4009 313 4059 tere
335 4004 369 4058 ad
390 4007 494 4074 patrem
517 4003 613 4058 suum?
636 4003 790 4073 1111111119,
863 4007 895 4058 14
917 4003 1005 4058 oculto
1028 4005 1058 4058 D
1129 4006 1161 4059 15
1180 4002 1349 4080 manifestare
1367 4003 1398 4057 D

258 4118 354 4186 loqui
373 4117 455 4172 immo
474 4119 503 4172 D
565 4119 598 4172 19
615 4115 683 4170 aliut
700 4117 730 4172 D
794 4119 828 4172 20
846 4115 1052 4169 intollerabilem
1070 4115 1100 4170 D
1163 4117 1195 4171 21
1215 4083 1349 4169 sustinere
1368 4116 1398 4170 D

256 4221 350 4274 parurn
369 4207 449 4275 Aac,
468 4220 581 4273 paruum
600 4205 630 4258 D
690 4205 724 4258 23
742 4202 903 4272 multiplicet
921 4204 951 4257 D
1012 4203 1206 4258 2411111111)
1256 4201 1397 4258 conculta

256 4309 386 4361 eaperacr.
405 4293 435 4346 D
490 4293 523 4346 27
543 4290 624 4344 etiam
643 4293 765 4344 sanctum
783 4289 880 4359 Ioseph
898 4305 951 4342 non
968 4289 1091 4358 permisit
1107 4290 1188 4359 Aac,
1205 4289 1296 4358 pmieit
1312 4289 1397 4342 etiam

258 4401 313 4456 1111
332 4403 423 4472 ioseph
442 4403 471 4458 D
524 4405 558 4460 28
576 4369 683 4458 simeon
701 4404 730 4457 D
