3100 4892
592 450 656 505 1111.
676 451 785 504 Sermo
802 454 878 508 8-9.
1244 450 1309 516 255

168 625 278 689 itinera
305 624 437 690 fideliter
464 644 499 690 ac
525 626 658 691 feliciter
686 627 844 708 possimus
870 626 995 690 imitari.
1044 625 1135 708 quasi
1162 644 1226 691 non
1253 625 1312 690 tibi

168 728 292 794 uidetur
318 730 381 796 iam
409 732 584 814 paraliam
614 732 699 797 uiam
726 731 765 796 ad
796 731 931 815 patriam
959 749 1113 812 remeare,
1144 731 1198 814 qui
1225 731 1310 814 prius

167 833 290 899 solebat
318 854 369 899 res
396 836 512 901 alienas
544 837 654 902 tollere
686 841 717 900 et
746 854 830 900 nunc
856 837 943 918 cupit
971 853 1043 900 suas
1073 835 1311 900 misericorditer

167 942 317 1022 erogare?
362 959 425 1005 non
452 940 509 1005 tibi
532 940 655 1005 uidetur
681 942 857 1024 paraliam
883 941 968 1004 uiam
994 940 1147 1020 incedere,
1176 941 1229 1021 qui
1251 940 1311 1004 fuit

166 1044 346 1109 adulteret
373 1049 421 1110 cst
442 1050 559 1126 castus,
588 1045 640 1129 qui
667 1046 771 1110 fuerat
798 1044 938 1109 ebriosus
961 1050 993 1109 et
1020 1049 1070 1110 est
1096 1043 1228 1124 sobrius,
1257 1044 1310 1127 qui
1348 1077 1362 1114 s

167 1149 290 1214 solebat
305 1150 490 1214 maledicere
506 1155 539 1214 et
560 1149 725 1230 benedicit,
748 1151 802 1232 qui
824 1150 928 1214 fuerat
948 1149 1074 1214 inuidus
1097 1154 1130 1214 et
1152 1152 1201 1214 est
1221 1148 1310 1213 beni-

166 1257 271 1337 gnus?
318 1255 344 1318 si
367 1255 451 1318 enim
475 1241 664 1320 orationibus
688 1253 784 1318 simul
807 1259 840 1318 et
861 1253 952 1319 bonis
974 1253 1120 1337 operibus
1143 1254 1201 1318 deo
1223 1253 1309 1317 auxi-

166 1359 263 1422 liante
286 1359 507 1423 contendimus
534 1361 593 1424 hoc
621 1359 728 1423 ordine
755 1359 1030 1424 conuersationum
1055 1361 1235 1422 nostorum
1260 1358 1311 1422 iti-

165 1481 242 1527 nera
257 1463 289 1526 in
306 1463 419 1528 melius
435 1466 637 1544 commutare,
661 1463 701 1528 ed
716 1467 878 1526 aeternam
894 1463 1122 1526 beatibrdinem
1137 1461 1310 1544 poterimus

165 1568 333 1650 peruenire
359 1571 539 1649 praestante
563 1569 689 1634 domino
716 1571 824 1632 nostro
846 1567 919 1631 Iesu
943 1566 1075 1647 Christo,
1098 1566 1153 1649 qui
1175 1567 1256 1632 uiuit
1279 1570 1311 1630 et
1337 1597 1363 1636 ro

165 1677 278 1756 regnat
300 1673 332 1736 iu
357 1673 483 1737 saecula
505 1673 709 1737 saeculorum.
732 1672 847 1737 Amen.

688 1933 792 1998 VIIII.

618 2080 660 2120 nu
684 2079 865 2120 serenam.

211 2195 303 2276 Quod
326 2194 418 2260 uobis
442 2195 479 2260 de
502 2195 650 2262 besterna
676 2197 848 2261 feetiuitete
873 2199 1001 2279 propter
1025 2195 1166 2261 laborem
1188 2197 1311 2280 uigilia·

163 2319 239 2364 rum
260 2301 504 2381 rescruauimuS,
527 2319 620 2381 nune,
644 2300 671 2364 si
690 2299 815 2381 iubetis,
837 2300 1020 2383 oportunius
1043 2300 1150 2365 audire
1168 2303 1309 2383 potestis.
1339 2327 1364 2367 rs

163 2406 318 2488 proxime,
342 2405 455 2468 fratres
475 2405 637 2485 carissimi,
661 2405 800 2469 natalem
819 2403 939 2468 domini
958 2405 1122 2469 saluatoris
1143 2405 1312 2488 exegimus,

164 2527 229 2592 quo
246 2508 337 2573 nobis
361 2512 453 2572 natus
476 2509 509 2572 in
532 2512 672 2590 tempore
688 2512 737 2573 est
759 2510 899 2573 omnium
921 2509 1118 2574 saeculorum
1140 2527 1177 2574 ae
1191 2513 1312 2593 tempo-

164 2631 240 2678 rum
252 2616 431 2678 antecessor
443 2617 475 2677 et
490 2613 638 2677 conditor.
672 2612 763 2677 bodie
779 2631 853 2677 uero
868 2631 924 2696 per
936 2613 1124 2678 documenta
1137 2613 1313 2678 certissima

164 2720 245 2783 deus
277 2718 311 2781 in
341 2717 467 2781 homine
498 2717 673 2781 declaratus
704 2721 762 2798 est,
793 2718 861 2781 siue
891 2717 973 2800 quod
1004 2718 1129 2782 stellam
1159 2719 1198 2782 de
1226 2718 1312 2783 caelo

163 2827 257 2887 crtus
278 2823 329 2885 sui
348 2823 494 2886 nuntium
513 2821 667 2904 praebuit,
689 2841 783 2904 quam
806 2822 1012 2904 sequentibus
1035 2824 1135 2906 magis
1158 2841 1258 2904 usque
1272 2823 1312 2887 ad
1338 2850 1365 2889 so

163 2930 335 3009 susceptae
365 2926 515 2991 infantiae
546 2927 725 2991 ueneranda
754 2927 912 2992 cunabula
940 2927 1102 3009 praeuiam
1132 2927 1215 3007 lecit,
1245 2927 1312 2991 siue
1423 2939 1427 2944 ’

162 3031 251 3114 quod
285 3031 315 3093 in
345 3030 487 3095 Iordanis
518 3032 606 3095 alueo
638 3049 733 3114 aquas
765 3031 911 3096 omnibus
941 3031 1087 3115 gentibus
1115 3031 1312 3096 adsalutem

162 3133 302 3199 humaui
324 3135 447 3218 generis
479 3153 534 3199 suo
558 3135 748 3217 baptismate
780 3137 1039 3200 consecrauit-
1062 3153 1115 3200 eas
1146 3136 1229 3200 enim
1259 3136 1312 3200 ille

162 3238 317 3304 omnibus
340 3240 430 3320 equis
452 3239 557 3322 purior
578 3258 641 3305 nou
665 3243 731 3305 tam
754 3239 995 3304 sanctificandus
1018 3257 1113 3322 quam
1136 3239 1312 3304 sanctifica·

163 3347 261 3408 turus
278 3342 407 3407 intrauit
423 3379 474 3422 -,
498 3345 565 3408 siue
580 3344 657 3408 hoec
680 3344 790 3408 eadem
812 3344 896 3408 illius
920 3344 1063 3408 miraculi
1086 3344 1151 3408 dies
1175 3345 1226 3424 sit,
1249 3363 1311 3426 qua
1337 3370 1364 3410 ss

212 3484 225 3537 1
253 3480 357 3534 itenere
380 3483 410 3535 D
472 3481 574 3535 imitari
597 3499 629 3538 ac
652 3481 750 3536 mutari
774 3483 804 3536 D
865 3485 881 3537 2
900 3482 1011 3536 remisrc
1030 3483 1059 3536 D
1111 3484 1127 3538 3
1147 3481 1233 3551 coepit
1250 3483 1313 3536 Mai

162 3571 180 3626 4
201 3567 324 3622 incidere
343 3569 373 3622 D
426 3572 441 3624 5
464 3570 510 3638 qui
533 3567 799 3624 fuerat—benedicit
817 3571 847 3624 D
863 3572 895 3625 io
912 3587 997 3640 moro.
1010 3588 1068 3640 sap.
1130 3574 1148 3627 8
1166 3571 1267 3624 itenere
1284 3571 1314 3626 D

162 3661 179 3712 9
200 3657 368 3710 commutare
388 3656 417 3709 D
488 3658 520 3711 13
537 3655 633 3726 incipit
651 3656 683 3710 de
701 3656 844 3726 epiphania
861 3672 947 3710 sermo
970 3656 1080 3710 faustini
1099 3658 1141 3724 D;
1161 3659 1206 3713 bic
1226 3675 1313 3713 senno

162 3747 258 3798 emolat
281 3743 362 3796 utam
380 3743 411 3795 in
429 3743 486 3798 cod.
500 3743 589 3799 Paris.
604 3745 649 3798 lot.
663 3747 734 3798 3783
750 3761 817 3799 socc.
832 3743 885 3799 XI
897 3745 945 3812 sol.
958 3747 1010 3798 90·
1027 3743 1090 3811 (P)‚·
1110 3744 1175 3797 item
1198 3743 1314 3797 homelia

163 3829 197 3884 de
219 3827 282 3882 scih
301 3829 425 3898 epyphan
442 3812 483 3884 sci
499 3827 580 3884 fausti
599 3811 640 3899 epi
660 3831 688 3884 P
747 3833 779 3886 14
797 3834 902 3884 asterus
919 3831 949 3884 D
1006 3833 1038 3885 16
1056 3833 1138 3886 uerba
1155 3831 1312 3898 proxime-

160 3937 189 3988 p.
203 3919 302 3984 257,5
319 3916 484 3970 substantiae
502 3925 654 3988 coaptabat
672 3935 733 3974 oum
750 3919 832 3974 oeric
851 3919 948 3973 naeu.
961 3920 1061 3974 boma
1114 3921 1146 3973 17
1165 3915 1253 3987 tripere
1272 3919 1312 3972 D¹

161 4047 195 4086 ac
214 4045 253 4086 ecc
271 4031 300 4082 at
317 4030 348 4084 D
419 4034 451 4086 18
473 4047 520 4099 per
543 4031 703 4084 documenta
725 4029 886 4100 certissima]
908 4031 978 4094 sicut
999 4029 1122 4098 prodigis
1143 3997 1313 4084 commendat
1365 4015 1369 4025 ¹

162 4142 321 4198 certissimo
346 4143 374 4196 P
393 4141 539 4212 (suprascr.
557 4161 629 4198 mco.
647 4143 706 4210 υἷι.)
778 4146 810 4198 19
837 4142 915 4196 stella
937 4143 1040 4199 PDus.
1110 4143 1264 4198 renuncia
1287 4145 1315 4197 P

162 4227 344 4300 stupentibus
363 4229 466 4284 PEos.
521 4229 612 4298 utique
626 4231 653 4283 P
703 4232 734 4285 21
755 4233 875 4298 suscepte
888 4231 946 4285 DP
995 4230 1115 4299 praniam
1127 4231 1161 4298 P,
1179 4230 1313 4294 puiamD

161 4321 198 4374 22
223 4317 331 4371 inam.
350 4317 378 4370 P
444 4317 478 4371 23
501 4331 548 4369 suo
566 4335 599 4370 eo:
617 4333 665 4369 sue
686 4317 713 4370 P
782 4314 942 4370 babtismate
964 4318 994 4372 Il
1063 4316 1311 4387 superioribas,

162 4405 245 4475 prior
264 4403 322 4456 ΗΡ
373 4405 406 4456 25
425 4419 504 4470 (priam
524 4405 551 4456 Ρ
