3100 4892
256 404 299 468 90
718 406 739 461 Ι.
758 408 803 461 De
822 408 931 477 gratia

255 602 289 645 se
312 600 374 646 uon
397 582 539 665 ignorare
562 583 735 665 quamlibet
756 585 904 666 profanus
928 586 1064 650 ostendit
1086 586 1130 649 ita
1156 585 1277 649 dicens:
1309 604 1392 648 uere

254 687 344 750 deus
375 691 501 752 uester
530 688 619 752 deus
649 688 800 753 deorum
831 693 887 753 est
910 694 945 753 et
968 690 1137 754 dominus
1160 708 1299 773 regum.
1340 690 1392 754 sed

254 794 286 855 et
307 792 438 855 Darium
468 794 537 874 quis
567 794 611 856 ita
641 794 678 856 de
707 794 763 858 deo
795 794 911 858 sentire
942 799 972 857 et
995 794 1079 876 loqui
1111 794 1223 874 docuit,
1255 795 1315 859 nisi
1345 794 1391 857 uis

254 897 383 960 rationis
412 901 442 962 et
464 897 542 981 legis
564 916 636 961 cum
660 898 814 962 Daniele?
848 899 941 963 deum
965 900 1166 963 conuersione
1189 900 1304 982 placeri
1331 949 1337 961 .
1384 949 1390 961 .

215 1028 227 1065 5
256 1050 1390 1068 ......................

785 1232 857 1297 XII.

691 1370 747 1455 (nn
769 1372 949 1458 anulorum).

297 1579 629 1595 .......
673 1532 756 1595 unde
786 1531 855 1611 fuit,
889 1532 970 1613 quod
1002 1531 1095 1595 deum
1122 1550 1195 1596 cum
1217 1531 1389 1595 conditione

198 1631 203 1637 ’
253 1635 398 1717 cognouit
419 1635 533 1699 irasci?
571 1638 739 1700 nonenim
762 1654 879 1719 magna
900 1636 955 1701 illa
977 1636 1087 1701 ciuitas
1104 1637 1199 1701 lonae
1220 1636 1388 1700 eruditione

203 1762 227 1797 ιο
252 1739 395 1821 resipiuit
417 1758 475 1803 nec
497 1740 562 1803 eius
585 1742 712 1805 monitis
735 1741 931 1805 intellectum
953 1741 1106 1823 petendae
1133 1740 1245 1805 salutis
1273 1742 1390 1822 accepit

253 1862 311 1907 nec
334 1843 436 1908 docuit
457 1846 606 1927 populum
629 1845 792 1928 propheta,
824 1846 878 1909 sed
908 1846 1028 1925 terruit,
1059 1863 1116 1909 nec
1146 1845 1389 1909 misericordiam

252 1950 403 2030 promisit,
427 1950 482 2013 sed
504 1948 723 2014 inmutabilem
748 1950 937 2014 senteutiam
954 1950 1121 2030 nuntiauit,
1145 1952 1299 2014 ettamen
1315 1949 1389 2013 urbs

253 2055 315 2133 illa,
348 2054 427 2118 sicut
457 2055 607 2137 scriptum
639 2060 700 2138 est,
727 2060 858 2119 contra
888 2075 989 2139 spem
1020 2057 1056 2119 in
1087 2074 1188 2138 spem
1219 2056 1389 2120 credidit

252 2161 345 2241 atque
375 2160 444 2243 ipsa
473 2160 600 2223 sibimet
629 2160 766 2224 remedia
796 2160 1024 2241 quodammodo
1054 2160 1218 2224 interdicta
1247 2160 1392 2243 promisit

201 2288 225 2324 u,
252 2265 389 2328 multum
411 2264 565 2345 placitura
588 2264 653 2344 deo,
678 2265 802 2328 etiamsi
824 2265 979 2347 promisse
1001 2265 1182 2346 quaesisset.

295 2368 380 2449 Quae
400 2369 526 2450 quidem
541 2370 681 2433 remedia
695 2368 764 2433 ideo
780 2369 937 2433 interdum
961 2387 979 2433 a
1001 2370 1126 2433 domino
1143 2370 1390 2452 supprimuntur,

251 2479 287 2539 ut
302 2473 467 2538 uiolentius
484 2473 640 2555 adquisito
655 2478 827 2538 seruentur.
861 2474 1015 2555 simulque
1030 2474 1215 2556 interposita
1230 2474 1390 2538 obtinendi

251 2579 436 2643 difficultate
459 2579 534 2642 dum
557 2577 772 2642 munificentia
794 2578 1004 2659 absconditur,
1028 2578 1104 2642 fides
1121 2577 1280 2661 probatur,
1306 2597 1392 2641 erer-

251 2687 339 2747 cetur
362 2683 509 2762 ambitus,
533 2682 753 2747 manifestatur
776 2682 917 2763 affectus,
941 2686 1105 2765 totumque
1128 2682 1241 2747 hocin
1264 2682 1392 2746 homine

198 2812 224 2849 20
249 2788 331 2871 ignis
354 2788 482 2852 interior
506 2806 525 2851 a
547 2788 604 2852 deo
627 2788 740 2852 insitus
764 2791 796 2851 et
819 2788 858 2851 ab
888 2789 1015 2853 homine
1043 2806 1114 2851 cum
1137 2788 1186 2851 dei
1209 2788 1312 2870 gratia
1334 2806 1393 2851 nu-

250 2895 340 2957 trilus
364 2896 518 2977 operatur.
557 2893 694 2957 ostendit
715 2894 820 2974 itaque
843 2912 920 2976 gens
944 2894 998 2957 illa
1022 2912 1068 2973 ea,
1099 2910 1179 2974 quae
1209 2891 1304 2955 saluti
1335 2892 1393 2956 ho-

249 2999 342 3062 minis
365 3002 546 3081 conpetunt,
570 3000 638 3081 ipsa
660 2997 852 3061 ordinatione
867 2998 1005 3062 facturae
1022 2998 1115 3061 deum
1131 2998 1214 3061 intra
1228 2997 1391 3061 hominem

249 3103 427 3167 conlocasse
451 3107 482 3166 et
504 3106 576 3167 ante
600 3121 731 3166 munera
752 3102 957 3185 redemptoris
974 3103 1055 3165 circa
1070 3100 1288 3165 rationabilem
1304 3119 1394 3166 crea-

249 3210 352 3271 turam
373 3226 497 3290 semper
511 3208 644 3272 auctoris
661 3208 742 3270 dona
756 3207 897 3290 uiguisse
913 3224 931 3269 a
946 3205 1105 3271 conditore
1122 3206 1246 3287 quidem
1265 3222 1393 3270 summo

198 3336 223 3375 25
249 3311 401 3393 praestita
437 3330 492 3394 per
526 3316 686 3392 naturam,
728 3311 783 3375 sed
817 3308 1030 3375 confirmanda
1064 3329 1119 3392 per
1149 3310 1293 3393 gratiam.
1337 3328 1395 3393 per

226 3417 394 3499 ,gratiam
424 3415 561 3497 inquam,
592 3418 624 3479 iu
655 3416 742 3479 cuius
775 3420 916 3497 tempore
944 3416 1181 3497 praeteritorum
1210 3414 1296 3477 salus
1326 3418 1396 3478 erat

249 3520 495 3585 consummanda
524 3520 735 3601 saeculorum,
770 3520 843 3602 quia
877 3518 954 3583 nihil
986 3519 1024 3582 ad
1054 3518 1228 3601 perfectum
1260 3518 1394 3582 adduxit

353 3694 380 3762 1]
399 3692 468 3748 Dan.
481 3696 506 3757 2,
519 3696 561 3749 47.
618 3694 662 3762 13]
681 3692 758 3747 Rom.
771 3696 797 3758 4,
812 3695 852 3749 18.

292 3853 308 3905 3
331 3853 358 3904 et
379 3849 452 3918 loqui
474 3850 580 3918 scopu,
602 3848 706 3918 ueloqui
725 3849 759 3917 P,
783 3853 810 3902 et
828 3848 949 3917 eloquio
1018 3852 1035 3903 4
1053 3847 1163 3902 Daniele
1181 3850 1290 3918 scripsi,
1317 3850 1396 3904 dani-

248 3937 335 3991 helem
349 3938 383 4004 P,
400 3936 530 3991 Deniclo
582 3936 765 4005 conuersione]
784 3951 859 4004 posse
877 3936 976 3992 oddo
1028 3936 1140 4006 placari]
1159 3934 1267 3989 edocuit
1284 3938 1353 3992 add.
1367 3957 1397 4006 c;

248 4027 374 4080 toccum
392 4024 564 4079 clotsendem
581 4040 636 4078 ecee
653 4024 783 4079 (1111111
802 4024 871 4079 libro
894 4023 1020 4079 ‘Studien
1041 4026 1107 4078 dher
1125 4023 1168 4077 die
1188 4024 1330 4092 Schriften
1349 4026 1396 4081 dee
1463 4080 1464 4083 ,
1523 4078 1524 4081 ,

249 4109 388 4180 Fouslcs',
401 4129 431 4180 p.
446 4115 480 4164 13
537 4113 713 4164 decumum
729 4110 784 4163 XII
802 4118 827 4165 et
844 4113 927 4165 uerbo
946 4111 978 4164 de
997 4110 1123 4164 neuiuitis
1141 4110 1241 4165 (rddidi
1263 4128 1298 4167 ex
1317 4115 1395 4183 cupi-

248 4202 367 4255 tulorum
384 4199 483 4263 indice,
501 4216 552 4253 om.
566 4198 593 4251 P
657 4198 689 4252 lo
707 4198 853 4267 resipuito
919 4200 951 4254 14
969 4197 1071 4265 adquae
1089 4200 1117 4253 P
1178 4200 1210 4253 15
1228 4200 1352 4265 promise
1371 4202 1398 4256 P

249 4290 281 4340 17
300 4285 447 4354 simulquae
465 4286 494 4339 P
554 4286 586 4339 19
610 4287 765 4352 totumquae
789 4286 817 4339 P
885 4287 916 4339 21
941 4284 1046 4353 itaquae
1065 4286 1093 4338 P
1161 4285 1195 4339 23
1213 4282 1349 4341 colocasse
1370 4289 1397 4342 P

248 4370 463 4425 rorationabilem
481 4373 509 4426 P
559 4374 593 4426 25
610 4370 741 4440 praescita
759 4390 775 4425 o
