3100 4892
593 442 691 497 Liber
708 442 723 497 1
743 444 851 499 ls-rt.
1248 444 1290 508 47

149 618 242 700 pheta
263 618 363 682 dicat:
388 618 543 683 exibunt
564 636 681 701 aquae
703 618 812 682 uiuae
836 618 879 682 de
901 618 1154 698 Hierusalem,
1177 620 1207 683 in
1224 619 1292 702 qni·

149 721 204 787 bus
220 722 326 787 uitalis
346 722 448 787 undae
464 726 663 788 sacramenta
676 724 831 806 designat,
855 723 1010 805 quomodo
1034 722 1099 787 fieri
1121 725 1233 805 potest,
1257 726 1292 787 ut

147 827 313 890 mnouatus
342 827 435 892 homo
458 827 594 891 deletam
616 828 732 891 ueteris
754 826 890 892 hominis
914 828 1090 891 cautionem
1113 846 1220 891 secum
1242 846 1291 891 re-

146 931 269 995 tineat?
307 932 458 1013 quomodo
485 930 554 996 fieri
580 934 694 1013 potest,
718 935 754 995 ut
775 950 848 996 cum
871 931 974 996 debito
996 930 1084 997 Adae
1112 932 1146 996 in
1169 930 1290 996 Christo

147 1034 308 1100 absolutus
331 1039 499 1121 resurgat?
537 1035 690 1120 quomodo
712 1036 780 1101 fieri
808 1040 922 1119 potest,
953 1040 988 1101 ut
1019 1036 1057 1100 de
1088 1036 1168 1101 sacri
1196 1037 1290 1101 fontis
1331 1060 1344 1101 a

144 1139 269 1224 inriguo
291 1159 364 1205 curn
387 1141 532 1224 adoptiuo
562 1142 612 1205 dei
639 1141 741 1206 adhuc
768 1145 902 1205 mortem
932 1141 997 1206 uita
1026 1142 1188 1224 parturiat,
1218 1159 1290 1206 oum

147 1244 228 1309 dicat
259 1246 436 1327 apostolus:
472 1247 693 1329 quicumque
722 1247 758 1310 in
792 1245 939 1311 Christo
968 1244 1151 1330 baptizati
1183 1246 1289 1327 ostie,

147 1346 337 1413 Christum
359 1350 565 1416 induistis?
603 1370 695 1433 quem
711 1351 818 1433 utique
834 1351 939 1415 nullus
955 1350 1084 1415 inducre
1099 1353 1214 1435 potest,
1230 1350 1291 1415 nisi

145 1452 331 1518 indumenta
352 1455 471 1538 primae
493 1456 664 1520 natiuitatis
688 1456 817 1519 cruerit.
849 1455 898 1519 cui
922 1458 1027 1520 autem
1043 1455 1083 1519 ad
1098 1454 1291 1539 baptismum

146 1562 257 1640 sponte
280 1559 421 1623 uenienti
443 1560 634 1644 baptismum
658 1578 720 1625 non
743 1560 899 1643 profuisse
918 1560 1034 1645 poteris
1057 1560 1195 1641 edocere,
1218 1578 1289 1623 cum
1319 1584 1344 1625 rc

147 1662 241 1726 etiam
263 1664 419 1728 haeretico
441 1664 474 1728 in
495 1665 644 1729 trinitatis
669 1664 795 1730 nomine
817 1668 999 1749 regenerato
1022 1668 1146 1729 tantum
1174 1683 1230 1747 per
1258 1682 1291 1727 se

147 1767 246 1830 uirtus
268 1767 337 1850 ipsa
354 1768 495 1852 mysterii
510 1769 659 1850 conferat,
683 1772 728 1850 ut,
752 1769 779 1833 si
793 1768 994 1852 postmodum
1009 1768 1048 1833 ad
1065 1767 1181 1834 Christi
1196 1768 1291 1832 fidem

147 1873 301 1953 transeat,
331 1871 530 1955 baptismatis
560 1874 724 1939 iteratione
754 1892 817 1943 non
848 1877 954 1959 egeat,
985 1874 1040 1937 sed
1069 1872 1113 1938 ita
1143 1876 1290 1955 operante

148 1975 247 2058 gratia
269 1974 396 2041 ablutus
419 1977 579 2059 iudicetur,
603 1982 638 2043 ut
659 1982 785 2043 tanturn
804 1978 1019 2043 benedictione
1043 1978 1220 2043 chrismatis
1243 1977 1291 2041 in·

149 2078 281 2143 duatur?
300 2080 384 2145 hunc
399 2100 474 2146 uero
489 2084 698 2165 persuasionis
715 2081 796 2147 tuae'
809 2083 977 2167 reprobum
992 2101 1121 2147 sensum
1138 2082 1291 2147 catholica
1318 2108 1343 2149 rs

150 2182 320 2248 detestatur
344 2185 482 2250 ecclesia.
521 2186 600 2269 ideo,
624 2188 736 2269 inquis,
759 2188 890 2271 genitali
914 2186 1088 2271 quamlibet
1114 2187 1198 2251 unda
1219 2205 1291 2269 per·

149 2288 208 2351 tusi
231 2307 346 2353 munus
369 2288 519 2373 baptismi
541 2309 603 2355 non
626 2292 792 2377 accipiunt,
816 2293 888 2375 quia
911 2292 950 2355 ad
964 2290 1158 2375 baptismum
1181 2290 1291 2355 inlide-

149 2391 216 2455 liter
236 2394 377 2458 ueniunt.
413 2414 476 2460 non
495 2396 539 2459 ita
558 2399 616 2461 est.
648 2397 786 2477 aduerte,
810 2395 960 2479 quiahoc
982 2397 1086 2477 ipsum
1110 2395 1148 2459 ad
1170 2394 1291 2479 baptis·

151 2514 235 2561 mum
257 2498 365 2562 uenire
388 2502 420 2563 et
443 2500 577 2564 salutem
604 2501 780 2565 desiderare
807 2501 869 2565 iam
897 2499 970 2563 fidei
998 2504 1055 2565 est.
1093 2500 1289 2582 quicumque,

150 2599 260 2683 inquis,
292 2606 364 2685 post
392 2602 585 2687 baptismum
615 2608 757 2687 pereunt,
790 2606 822 2670 in
849 2604 953 2669 Adam
982 2608 1125 2687 pereunt,
1156 2605 1228 2687 quia
1257 2604 1288 2669 in
1316 2630 1342 2671 eo

150 2702 304 2786 baptismo
327 2725 390 2771 nou
412 2708 617 2774 crediderunt.
649 2710 763 2774 rectius
787 2709 904 2774 diceres
926 2710 995 2774 ideo
1019 2728 1071 2773 eos
1086 2709 1205 2791 perisse
1220 2712 1291 2791 post

150 2806 350 2893 baptismum,
374 2812 446 2895 quia
468 2813 507 2877 ad
533 2815 652 2898 gratiae
679 2814 796 2879 donum
823 2815 952 2899 iungere
982 2815 1149 2879 noluerunt
1175 2812 1289 2878 laboris

151 2913 295 2997 officium,
323 2918 397 2999 quia
424 2937 476 2983 eos
500 2920 731 2984 consuetudinis
755 2920 954 3004 neglegentia
983 2918 1144 3001 cordisque
1172 2918 1290 2983 desidia

151 3035 171 3080 a
190 3020 352 3104 uigilatum
374 3023 474 3105 operis
498 3026 529 3088 et
551 3042 571 3088 a
592 3025 741 3089 sollicitae
764 3024 924 3089 seruitutis
944 3024 1103 3088 reuocauit
1125 3023 1288 3087 industria.

194 3122 280 3203 Quod
302 3126 331 3190 si
352 3128 444 3209 culpa
474 3129 696 3194 incredulitatis
724 3148 819 3193 causa
850 3133 897 3193 est
926 3127 1117 3213 perditionis,
1150 3129 1223 3210 quid
1251 3128 1288 3191 de
1316 3154 1341 3193 ss

151 3229 286 3309 paruulis
309 3232 492 3313 sentiemus,
515 3233 627 3315 quibus
643 3234 674 3297 in
689 3237 856 3317 parentum
872 3234 1034 3298 deuotione
1051 3235 1081 3296 et
1096 3232 1129 3296 in
1144 3232 1288 3297 lactantis

150 3331 296 3397 infantiae
326 3336 524 3419 simplicitate
553 3338 675 3422 integra
704 3339 775 3403 fidei
809 3339 974 3422 peruigilia
1004 3338 1206 3421 deputantur,
1237 3338 1290 3418 qui

151 3434 267 3519 absque
288 3440 353 3504 ullo
374 3440 566 3507 infidelitatis
588 3444 724 3525 periculo
746 3444 938 3507 inmaculata
959 3442 1204 3526 regenerationis
1220 3460 1289 3505 mu·

150 3558 227 3605 nera
252 3548 484 3627 consequuntur
511 3548 657 3613 etmulti
679 3565 786 3613 eorum
809 3565 956 3631 processu
980 3547 1092 3612 aetatis
1119 3548 1151 3611 in
1180 3548 1288 3611 mortis

256 3804 281 3874 1]
299 3804 376 3861 aaa.
392 3808 432 3872 14,
444 3809 469 3865 s.
523 3806 552 3877 r]
571 3806 721 3873 unaue.

261 4012 284 4038 10

194 4045 352 4118 3inuaffltns
369 4051 397 4105 P
448 4051 604 4105 5aacreP¹
658 4050 862 4119 lquicnmquae
875 4051 903 4105 P
953 4050 1089 4120 8utiquae
1102 4052 1130 4106 P
1182 4054 1215 4107 10
1222 4056 1288 4121 post

151 4133 268 4187 uenienti
283 4154 384 4193 rasura
400 4139 484 4193 triam
501 4139 546 4193 ael
563 4144 692 4209 mutuor
710 4139 850 4194 literarum
862 4140 894 4193 ta
905 4140 933 4193 P
943 4145 1030 4194 acatal
1085 4142 1114 4196 ll
1132 4138 1249 4192 heretico
1262 4139 1290 4192 P

153 4222 184 4275 19
203 4220 376 4292 qudcumquae
394 4225 421 4279 P
471 4224 656 4281 traicerer>
707 4227 741 4281 23
759 4224 964 4279 consuetudines
987 4227 1027 4279 Ρ1
1081 4224 1245 4294 negligentia
1262 4226 1289 4279 P

152 4307 302 4377 cordisquac
321 4312 349 4367 P
398 4313 433 4367 26
450 4311 608 4368 lactentiao
662 4315 696 4368 27
715 4313 869 4382 mtegraec
926 4315 959 4370 28
977 4312 1092 4381 absquae
1110 4314 1138 4367 P
1192 4312 1287 4365 imma-

152 4394 244 4449 culata
258 4398 284 4451 P
333 4400 367 4454 29
386 4398 510 4453 wantis
528 4400 556 4454 P
