3100 4892
254 374 315 438 170
690 376 742 430 ΙΠ.
761 375 914 446 Epistula
931 379 955 432 3.

251 555 407 632 nascatur,
438 571 513 616 noce
544 572 612 616 esse
641 555 796 634 posterius
827 572 888 618 non
920 551 1078 635 probatur.
1123 553 1204 636 iguis
1228 556 1260 616 et
1282 552 1395 616 caloris

250 656 385 720 indiuisa
411 657 554 738 societas,
584 659 639 722 sed
663 677 735 722 cum
757 658 841 722 calor
862 657 1076 722 indubitanter
1100 677 1136 721 ex
1158 658 1231 740 igne
1254 675 1323 720 esse
1347 658 1395 720 in·

251 761 427 843 tellegatur,
457 767 564 826 tamen
593 763 675 846 ignis
705 780 903 844 nequaquam
931 763 1032 826 calore
1056 779 1111 826 suo
1140 762 1224 842 prior
1254 781 1323 824 esse
1348 761 1395 824 di·

250 866 396 929 noscitur.
435 885 507 930 ecce
528 885 606 946 rem,
630 885 708 948 quae
730 867 863 930 existere
886 866 1010 930 uidetur
1032 886 1068 930 ex
1091 866 1152 930 alia
1174 870 1206 930 at
1226 870 1335 931 tamen
1355 865 1395 946 ci,

198 993 211 1033 a
249 970 288 1033 de
318 987 381 1052 qua
406 970 521 1051 existit,
551 971 619 1034 sine
641 971 707 1034 ulla
729 971 878 1054 temporis
901 971 1124 1035 intercessione
1147 969 1312 1034 coniuncta
1335 974 1394 1034 ast.

293 1072 373 1138 Cum
392 1077 499 1138 autem
519 1073 672 1138 addeum
695 1075 850 1156 uenimus,
873 1075 932 1139 hoc
954 1079 1004 1139 est
1026 1075 1162 1158 genitus
1186 1075 1268 1156 quod
1290 1076 1395 1138 iustus

249 1181 282 1241 et
303 1177 434 1258 iustitia,
457 1178 583 1261 sapiens
599 1183 631 1243 et
646 1179 809 1263 sapientia,
832 1180 1009 1244 misericors
1030 1183 1062 1243 ct
1076 1179 1298 1243 misericordia.
1338 1179 1395 1244 ab·

182 1320 186 1325 ·
249 1283 351 1346 solute
382 1301 418 1346 ex
449 1282 506 1347 deo
533 1283 616 1348 iusto
640 1288 734 1366 atque
757 1283 898 1367 sapiente
922 1283 1094 1348 secundum
1117 1283 1295 1365 apostolum
1318 1283 1396 1348 oriri

248 1386 462 1471 intellegimus
492 1387 647 1452 iustitiam
678 1393 773 1471 atque
805 1389 999 1470 sapientiam.
1046 1391 1077 1452 et
1106 1388 1188 1452 sicut
1216 1406 1395 1470 numquam

198 1516 224 1555 no
249 1491 350 1554 iustus
381 1491 448 1556 sine
477 1493 607 1573 iustitia,
638 1511 811 1576 numquam
834 1495 959 1576 sapiens
982 1494 1049 1557 sinc
1072 1492 1226 1575 sapientia
1248 1492 1319 1573 mit,
1351 1493 1397 1557 ita

249 1595 334 1660 filius
357 1615 393 1659 ex
416 1599 516 1680 patre,
539 1597 594 1661 sed
616 1615 789 1680 numquam
811 1595 928 1680 <pater>
949 1597 1052 1680 potuit
1075 1615 1144 1660 esse
1167 1596 1235 1660 sina
1257 1595 1334 1660 filio.

292 1698 422 1782 Absque
438 1700 533 1767 dubio
548 1699 675 1766 Arriani
691 1703 881 1767 saluatorem
896 1706 1038 1766 nostrum
1054 1719 1170 1785 negare
1185 1719 1248 1766 non
1265 1700 1395 1782 audent,

249 1803 316 1884 sed,
339 1804 414 1869 dum
437 1807 590 1871 minorem
613 1807 730 1888 dicunt,
758 1807 852 1871 deum
875 1808 1019 1871 adserere
1042 1825 1103 1871 non
1126 1809 1266 1888 possunt.
1315 1805 1395 1870 deus

250 1909 333 1972 enim
363 1911 547 1974 naturaliter
574 1911 779 1994 plenitudinis
804 1911 957 1994 dignitate
980 1909 1125 1974 subsistit
1146 1913 1177 1974 et
1200 1927 1309 1973 corum
1333 1911 1396 1974 im-

198 2036 223 2077 u
248 2014 348 2096 pietas
377 2033 477 2078 unum
507 2034 541 2079 sa
565 2015 658 2079 deum
680 2016 782 2080 colere
804 2016 907 2098 prima
929 2013 1123 2079 confessione
1145 2017 1288 2078 testatur.
1337 2014 1394 2078 sed

248 2118 322 2198 quia
344 2118 506 2199 iuniorem,
529 2139 585 2202 per
608 2139 690 2200 eum,
714 2121 767 2202 qui
789 2115 916 2203 putatur
938 2119 1049 2200 senior,
1073 2119 1150 2182 duos
1173 2117 1248 2182 facit
1270 2121 1303 2183 et
1319 2119 1395 2183 soli-

248 2222 380 2286 ditatem
400 2223 530 2288 unitatis
544 2225 721 2289 intersecat.
756 2243 832 2289 nam
848 2225 951 2306 ipsum
967 2241 1081 2289 nomen
1099 2223 1228 2287 minoris
1243 2223 1394 2303 alterum,

248 2327 302 2408 qui
324 2327 378 2392 illo
401 2327 442 2391 sit
463 2329 571 2410 maior,
594 2328 740 2394 ostendit.
775 2328 844 2410 quis
868 2329 921 2393 illo
945 2327 1109 2409 antiquior,
1133 2327 1186 2409 qui
1208 2327 1247 2390 de
1269 2346 1305 2391 se
1324 2326 1395 2410 ipso

248 2432 442 2512 pronuntiat:
472 2451 537 2516 ego
564 2451 644 2497 sum
667 2433 778 2515 alpha
801 2436 837 2497 et
859 2455 891 2514 o,
918 2433 1059 2516 primus
1083 2435 1119 2496 et
1140 2430 1395 2512 nouissimus,

196 2559 223 2597 so
249 2536 302 2617 qui
332 2553 351 2599 a
377 2535 501 2600 Iudaeis
531 2538 584 2619 qui
615 2541 699 2602 esset
728 2537 939 2620 interrogatus
970 2537 1014 2600 ita
1044 2534 1220 2619 respondit:
1251 2535 1394 2618 princi·

249 2639 348 2721 pium
379 2641 473 2721 quod
504 2645 539 2705 et
568 2642 700 2724 loquor
727 2641 848 2722 nobis,
879 2642 932 2723 qui
955 2640 1091 2705 ueridica
1117 2659 1172 2722 per
1202 2639 1394 2722 prophetam

250 2761 325 2807 uoce
352 2743 529 2809 coufirmat:
561 2751 646 2809 ante
677 2765 732 2808 me
764 2745 931 2810 nonfuit
955 2745 1043 2808 dens
1067 2747 1288 2827 etpostme
1319 2763 1394 2810 non

250 2847 343 2911 erit?
378 2849 404 2912 si
423 2853 512 2932 pater
527 2849 586 2914 hoc
604 2850 689 2930 dicit,
712 2850 892 2915 inferiorem
916 2853 987 2932 post
1010 2869 1043 2914 se
1066 2867 1127 2913 non
1152 2848 1292 2930 coepisse
1317 2867 1395 2914 con-

249 2950 364 3032 firmat,
377 2953 404 3015 si
415 2951 508 3033 filins,
522 2958 595 3017 ante
608 2974 641 3018 se
653 2953 802 3039 (patrem)
812 2955 937 3037 penitus
950 2971 1012 3018 non
1025 2954 1122 3017 luisse
1133 2953 1328 3037 pronuntiat.
1354 2955 1395 3018 de

197 3081 223 3120 ss
249 3055 309 3120 hoc
323 3057 524 3140 propheticus
540 3077 643 3123 sermo
660 3059 819 3123 euidenter
835 3059 989 3123 insinuat:
1006 3058 1067 3121 hic
1083 3062 1140 3122 ast
1154 3058 1245 3121 dens
1260 3062 1395 3123 noster

249 3164 286 3224 ot
315 3179 386 3226 non
417 3163 655 3245 reputabitur
678 3165 775 3228 alius
806 3163 849 3227 ad
878 3183 973 3244 cum,
1004 3167 1035 3228 et
1063 3167 1137 3244 post
1165 3163 1257 3226 baso:
1288 3163 1395 3228 inter

354 3430 382 3499 8]
403 3433 416 3485 1
436 3431 528 3484 Iosun.
541 3433 565 3495 3,
579 3433 602 3485 7.
667 3431 711 3500 19]
730 3430 800 3485 Esai.
813 3433 855 3496 44,
869 3433 898 3494 6;
916 3431 996 3500 Apoc.
1012 3434 1035 3494 1,
1049 3433 1072 3486 8.
1138 3430 1184 3498 2l]
1203 3429 1295 3484 Ioann.
1309 3435 1336 3496 8,
1350 3433 1394 3488 25.

250 3517 297 3586 22]
316 3516 386 3571 Esai.
398 3519 441 3582 43,
455 3519 495 3572 10.
549 3517 595 3586 25]
613 3517 674 3570 Bar.
688 3521 713 3582 3,
727 3519 769 3574 36.
823 3519 870 3588 26]
888 3518 948 3572 Bar.
962 3521 987 3583 3,
1000 3520 1041 3574 38.

294 3781 306 3833 l
321 3781 445 3831 nascatur
456 3779 563 3848 scripsi,
575 3778 728 3835 nascith
773 3779 868 3833 caloris
879 3781 985 3850 scripsi,
999 3779 1070 3834 calor
1085 3781 1269 3836 SKmoebias
1319 3783 1337 3836 2
1351 3797 1395 3836 ca-

248 3865 304 3918 lore
321 3883 338 3920 o
388 3868 406 3920 4
424 3881 454 3918 ex
472 3864 525 3918 alia
542 3868 640 3934 scripsi
652 3867 975 3936 caurKnucba'ocolzp.
990 3871 1105 3935 169,1o,
1123 3865 1200 3920 exilia
1213 3866 1244 3936 S,
1262 3883 1293 3920 ex
1312 3867 1363 3921 illa
1381 3887 1397 3924 a

250 3955 265 4006 7
288 3951 438 4005 misericors
461 3954 488 4005 et
509 3952 690 4005 misericordia
713 3954 781 4007 delet
802 3955 954 4009 Momurseu
1027 3957 1056 4010 ll
1080 3957 1157 4022 pater
1174 3954 1281 4022 addidi,
1305 3955 1399 4012 ouaS

251 4067 283 4120 16
294 4067 426 4120 incertum
438 4070 529 4119 amm
546 4066 609 4132 quia
626 4083 664 4118 on
676 4066 721 4133 qui
733 4072 815 4120 mist
827 4068 858 4120 iu
872 4067 902 4134 S,
921 4066 965 4133 qui
985 4085 1000 4120 v
1018 4073 1042 4120 ct
1054 4067 1208 4122 Knesclu'us
1263 4069 1297 4122 18
1316 4033 1397 4135 quid·

249 4167 306 4219 essa
325 4153 570 4208 Summanos.
625 4151 717 4220 ipson
770 4155 803 4207 19
822 4151 913 4207 aliaS
963 4153 995 4222 ω]
1015 4155 1067 4209 ob'
1117 4155 1152 4208 20
1170 4155 1306 4223 ascripsi,
1326 4155 1400 4210 eus

250 4238 378 4294 iudeisS
440 4239 486 4306 qui
504 4242 573 4292 esset
591 4258 614 4306 o,
633 4239 779 4306 quiesseS
842 4241 873 4294 21
894 4239 1049 4296 uiridioaS
1110 4243 1144 4296 24
1162 4245 1266 4309 patrem
1284 4241 1397 4300 addidi,

250 4327 344 4392 111116
394 4325 546 4405 penitusS
597 4325 693 4384 fuisset
713 4325 843 4384 Conium
895 4327 1037 4385 2611116
