3100 4892
191 475 195 478 -
251 388 315 453 266
690 388 755 444 ΙΙΙΙ.
776 390 884 444 Sermo
905 393 945 446 11.

252 583 316 646 sus,
339 565 487 650 uepribus
502 570 678 648 coronatus,
701 566 821 632 adfixus
837 567 931 648 cruci,
953 568 1113 652 perfossus
1136 567 1277 649 uulnere,
1300 572 1336 632 ut
1356 571 1388 631 tu

252 669 414 754 eripereris
438 690 457 735 a
483 673 592 752 morte,
616 672 755 737 animam
779 689 884 736 meam
905 672 987 737 inter
1014 675 1171 737 tormenta
1193 672 1306 736 dimisi.
1351 690 1387 735 en

251 775 410 840 clauorum
433 776 577 859 uestigia,
601 775 714 858 quibus
737 775 856 840 adfixus
878 776 1020 860 pependi,
1044 795 1082 841 en
1104 777 1300 860 preeiossum
1322 777 1389 840 uul-

252 879 378 944 neribus
408 880 500 944 latus.
553 881 674 963 suscepi
704 880 825 945 dolores
855 884 940 962 tuos,
971 885 1008 945 ut
1036 880 1094 946 tibi
1124 880 1258 964 gloriam
1287 899 1389 945 meam

200 1012 212 1053 s
251 985 367 1048 darem.
420 985 543 1068 suscepi
574 987 709 1048 mortem
739 988 842 1065 tuam,
872 988 909 1049 ut
937 989 972 1049 tu
1002 986 1125 1049 uiueres
1154 985 1187 1049 in
1218 988 1388 1049 aeternnm.

251 1087 393 1153 conditus
415 1088 497 1152 iacui
519 1088 552 1152 in
573 1088 725 1171 sepulcro,
749 1091 785 1152 ut
807 1093 841 1153 tu
863 1107 1011 1174 regnares
1033 1089 1176 1154 incaelo.
1222 1107 1286 1170 cnr,
1308 1089 1391 1172 quod

250 1209 306 1276 pro
341 1195 372 1257 te
405 1193 533 1276 pertuli,
567 1191 750 1275 perdidisti?
796 1211 861 1273 cur,
895 1193 1028 1278 ingrate,
1062 1193 1286 1276 redemptionis
1319 1197 1391 1258 tuae

251 1315 382 1362 munere
405 1297 576 1362 rennuistit’
612 1314 674 1362 non
697 1315 754 1380 ege
776 1297 815 1362 de
838 1301 938 1362 morte
961 1315 1032 1363 mea
1046 1315 1165 1381 queror.
1203 1297 1297 1362 redde
1313 1297 1390 1361 milri

252 1402 351 1466 uitam
379 1405 476 1482 tuem,
506 1419 562 1484 pro
584 1420 647 1484 qua
668 1402 807 1467 animam
833 1402 914 1483 dedi,
942 1403 1036 1467 redde
1063 1403 1140 1467 mibi
1166 1403 1266 1468 uitam
1293 1405 1389 1482 tumn,

201 1534 227 1574 ιο
252 1524 348 1589 quum
369 1506 552 1570 uulneribus
574 1509 773 1590 peccatorum
800 1506 1012 1572 indesinenter
1033 1507 1181 1572 occidisti.
1226 1526 1281 1571 eur
1303 1505 1390 1571 habi-

252 1611 401 1692 taculum,
428 1611 509 1694 quod
537 1611 614 1676 milri
640 1611 674 1675 in
701 1613 732 1675 te
756 1629 964 1692 secraueram,
991 1611 1131 1676 luxuriae
1154 1611 1297 1676 serdibus
1324 1611 1389 1694 pol·

251 1715 347 1795 luisti,
374 1734 428 1779 eur
451 1733 562 1797 corpus
589 1715 653 1779 iam
676 1733 783 1780 meum
810 1715 1038 1780 inlecebrarum
1064 1716 1258 1800 turpitudine
1286 1735 1390 1780 maeu-

251 1819 335 1899 lasti,
369 1837 424 1883 cnr
457 1837 508 1883 me
541 1819 684 1903 grauiore
714 1820 881 1885 criminum
915 1823 1040 1884 tuorum
1075 1838 1166 1884 oruoe
1199 1837 1295 1902 quam
1328 1819 1391 1900 illa,

251 1926 282 1989 in
310 1943 373 2008 qna
399 1924 556 2007 quondam
583 1924 802 2008 pependeram,
830 1923 997 1990 addixisti?
1045 1927 1170 2009 grauior
1198 1925 1282 1989 enim
1310 1924 1391 2007 apud

201 2058 225 2096 rs
251 2049 302 2094 me
324 2034 522 2114 peccatorum
545 2032 670 2094 tuorum
686 2047 759 2093 erun
776 2033 834 2111 est,
856 2031 889 2093 in
904 2047 967 2112 qua
988 2031 1107 2095 inuitus
1130 2030 1274 2114 pependi,
1297 2047 1392 2111 qnam

251 2135 316 2215 ille,
339 2151 433 2217 quem
455 2135 564 2198 uolens
588 2133 633 2199 tui
656 2135 803 2198 misertus
826 2137 960 2199 mortem
975 2137 1064 2199 tuam
1079 2136 1238 2200 occisurus
1253 2135 1390 2199 ascendi.

252 2257 323 2302 curn
347 2257 449 2304 essem
472 2238 655 2318 inmortelis
683 2237 914 2303 commutabilis
937 2256 993 2323 pro
1015 2243 1047 2302 te
1069 2239 1162 2303 bomo
1184 2239 1287 2304 faetus
1311 2257 1391 2302 snm.

252 2363 323 2408 cum
354 2362 455 2408 essem
486 2342 691 2426 inpassibilis,
721 2361 777 2426 pro
808 2346 840 2407 te
870 2343 936 2425 pati
969 2343 1115 2427 dignatus
1147 2362 1228 2408 sum.
1273 2343 1329 2408 sed
1358 2347 1393 2407 tu

252 2447 419 2530 despexisti
447 2448 479 2511 in
505 2447 631 2511 homine
661 2446 765 2528 deum,
797 2447 828 2511 in
860 2446 983 2512 infirmo
1013 2448 1158 2528 salutem,
1194 2448 1227 2511 in
1257 2447 1312 2511 uia
1344 2467 1394 2511 re-

200 2579 226 2620 no
253 2553 362 2634 ditum,
392 2553 425 2616 in
455 2551 556 2615 iudice
587 2551 724 2632 ueniam,
752 2551 786 2615 in
815 2569 907 2616 cruce
936 2552 1047 2632 uitam,
1076 2552 1109 2616 in
1137 2551 1300 2635 suppliciis
1328 2571 1395 2616 me·

253 2656 400 2722 diuinam.

295 2760 339 2826 Ut
365 2779 438 2845 ergo
465 2763 560 2826 istam
591 2759 760 2825 terribilem
791 2761 1036 2844 increpationem
1066 2760 1222 2844 possimus
1249 2760 1396 2838 euadere,

251 2867 395 2949 quotiens
418 2866 507 2931 nobis
531 2866 769 2948 qualiacumque
796 2869 925 2949 peccata
947 2864 1170 2948 subrepserint,
1198 2864 1266 2928 sine
1289 2864 1398 2947 aliqua

252 2971 500 3036 dissimulatione
536 2970 721 3034 festinemus
749 2969 789 3033 ad
820 2970 1029 3051 paenitentiae
1063 2969 1295 3034 medicamenta
1322 2987 1397 3034 con·

202 3101 228 3142 rs
253 3076 370 3160 lugere,
393 3078 429 3138 ut
451 3075 490 3139 ab
514 3074 622 3139 auditu
645 3074 727 3138 melo
754 3072 878 3138 liberati
900 3073 940 3138 ed
962 3078 1124 3139 aeternam
1147 3091 1328 3138 mereamur
1350 3074 1397 3138 in·

255 3180 449 3264 dulgentism
474 3179 639 3262 peruenire
665 3182 847 3262 praestante
873 3178 999 3243 domino
1026 3182 1132 3243 nostro
1160 3177 1232 3242 lesu
1259 3176 1398 3258 Christo,

256 3285 304 3350 eui
335 3289 384 3349 est
414 3285 512 3349 honor
542 3287 573 3348 et
602 3283 769 3367 imperium
799 3301 872 3347 cum
900 3286 990 3366 patre
1018 3286 1051 3347 et
1077 3283 1188 3366 spiritu
1219 3287 1331 3347 sancto
1367 3283 1398 3346 in

256 3390 380 3454 saecula
402 3389 605 3454 saeculorum.

301 3707 453 3765 ltebribus
473 3709 503 3764 D
562 3708 657 3777 pfusue
675 3710 705 3764 D
757 3708 902 3778 teriperis
919 3709 949 3763 D
1001 3706 1130 3764 3edfixis
1148 3709 1178 3762 D
1229 3705 1400 3776 praefossum

256 3797 363 3867 seipsi,
377 3794 475 3899 pineus
487 3797 524 3866 D,
541 3795 690 3866 perfossum
703 3798 774 3866 Aup.
828 3795 962 3865 leuscipi
979 3796 1009 3850 D
1061 3793 1201 3849 5dareD
1253 3793 1356 3864 suscipi
1372 3794 1401 3849 D

257 3907 411 3979 bsepulero
430 3908 459 3962 D
529 3907 688 3980 ‘indidistis
706 3909 736 3964 D
806 3911 871 3966 ete
893 3913 956 3963 uerte
977 3923 1025 3977 ego
1046 3908 1141 3963 inserit
1159 3909 1230 3976 Aup.
1305 3922 1401 3976 queror

256 3998 363 4068 scripsi,
381 4011 463 4065 quero
481 3997 517 4065 D,
536 4010 633 4065 queem
645 3999 716 4066 nup.
772 3999 806 4052 lo
823 4003 886 4050 oete
903 4011 983 4064 quam
1000 3997 1033 4050 ie
1049 3996 1080 4050 D
1097 4013 1121 4060 p
1137 4011 1244 4050 eorum
1261 3981 1316 4049 αι’
1357 4009 1400 4048 oo

257 4084 323 4140 cidis
352 4085 423 4153 Aup.
513 4085 544 4139 11
573 4082 689 4155 luxoriae
718 4084 747 4137 D
833 4081 945 4152 puluisti
974 4082 1003 4136 D
1092 4083 1123 4137 12
1147 4078 1349 4150 turpitudinem
1372 4081 1401 4135 D

259 4173 292 4228 13
309 4171 359 4226 illa
376 4172 415 4226 D¹
488 4173 520 4226 15
537 4169 668 4240 pependio
686 4170 715 4224 D
786 4171 819 4226 16
836 4169 985 4223 occissurus
1002 4171 1032 4224 D
1103 4170 1135 4223 17
1154 4166 1355 4222 commotabilis
1373 4167 1401 4221 D

259 4261 291 4316 19
311 4259 444 4328 disperieti
465 4259 495 4314 D
545 4261 579 4314 22
598 4274 666 4328 quoe
682 4257 1027 4327 sequunturdeeontopod
1038 4256 1224 4326 depretiem
1276 4256 1313 4311 24
1333 4254 1402 4308 desi-

258 4346 403 4407 mulatione
422 4349 451 4404 D
502 4345 664 4417 poenitentis
683 4345 713 4400 D
765 4346 798 4400 27
818 4360 845 4397 es
863 4345 893 4400 D
