3100 4892
603 450 700 504 aroer
718 450 732 503 1
752 455 860 507 11-11.
1262 454 1301 519 37

159 627 244 689 ratur
266 625 366 690 611116
382 625 575 711 despicitur?
612 631 738 711 propter
760 627 820 693 1111
843 629 961 711 utique,
985 628 1057 711 quia
1079 633 1111 693 et
1133 630 1185 693 ille
1209 629 1303 694 deum

159 729 330 813 glorificare
351 732 464 813 potuit,
488 732 540 813 qui
563 731 669 796 intulit
691 734 925 814 contumeliam,
950 736 981 797 et
1005 732 1065 797 1616
1093 737 1303 815 contemnere,

160 835 209 916 qui
239 835 352 899 detulit
381 836 529 919 gloriam,
560 836 632 918 quia
662 837 784 921 placere
815 836 940 902 domino
968 837 1025 902 deo
1055 855 1112 901 suo
1143 842 1174 903 ct
1202 840 1305 921 potuit

159 940 251 1020 nolle,
274 940 328 1022 qui
344 940 453 1020 uoluit,
477 944 509 1004 et
523 942 625 1023 potuit
640 942 731 1021 uelle,
755 942 808 1024 qui
831 943 940 1007 noluit.
981 960 1039 1006 nec
1060 946 1151 1025 putes
1174 944 1224 1007 hic
1248 961 1304 1007 na·

160 1049 247 1108 turae
274 1063 343 1107 esse
367 1044 558 1109 distantiam.
596 1046 663 1129 ipse
686 1048 745 1126 est,
773 1046 828 1129 qui
852 1046 930 1127 uult,
958 1046 1035 1129 ipse,
1064 1047 1116 1129 qui
1139 1065 1201 1112 non
1224 1049 1302 1113 uult.
1342 1075 1355 1114 ⁵

199 1148 340 1232 Quisque
362 1166 436 1233 ergo
450 1153 578 1214 renatus
594 1150 628 1214 in
645 1148 778 1232 Christo,
803 1150 864 1215 nisi
879 1151 966 1235 prius
982 1151 1076 1216 fuerit
1090 1170 1148 1217 uas
1164 1152 1303 1217 malitiae

159 1273 212 1337 per
234 1254 360 1337 culpam
382 1254 550 1337 propriam,
578 1272 635 1319 uas
664 1254 801 1319 offensae
832 1259 864 1319 61
893 1256 957 1320 irae
988 1275 1057 1320 6666
1087 1274 1150 1321 non
1177 1258 1301 1341 poterit.

160 1363 189 1423 et
210 1377 227 1422 6
251 1360 414 1438 contrario,
438 1362 474 1423 11
496 1358 552 1423 fiat
574 1377 630 1423 uas
653 1359 894 1441 misericordiae,
917 1360 1003 1443 prius
1026 1360 1152 1425 futurus
1176 1364 1225 1426 661
1247 1380 1303 1426 116

160 1463 383 1552 oboedientiae,
414 1468 449 1528 ut
475 1463 736 1547 praecedentibus
767 1464 870 1529 causis
902 1466 976 1529 iusti
1007 1466 1116 1530 iudicis
1148 1467 1304 1531 sententia

160 1567 377 1650 subsequatm.
416 1568 619 1633 ostendamus
647 1586 703 1633 uas
730 1569 938 1634 contumeliae
962 1570 994 1634 in
1018 1588 1074 1634 uas
1098 1570 1225 1635 honoris
1249 1572 1303 1635 ad·
1331 1598 1356 1637 ιο

159 1674 267 1737 intorto
299 1673 348 1736 dei
375 1677 407 1738 61
433 1673 534 1737 611111
562 1692 618 1737 suo
645 1691 738 1756 posse
761 1674 914 1739 transire:
950 1675 995 1755 si,
1026 1674 1146 1756 inquit,
1177 1674 1303 1739 dixero

160 1778 288 1861 impio:
312 1781 430 1843 morte
451 1778 639 1858 morieris,
668 1783 703 1843 61
730 1779 850 1863 egerit
871 1779 1146 1861 paenitentiam
1178 1796 1196 1843 a
1221 1797 1303 1864 pec·

161 1882 769 1965 11116111161611111611611111111
797 1887 833 1948 et
859 1883 1064 1965 iustitiam,
1093 1884 1173 1948 uita
1199 1884 1303 1948 uiuet

162 1992 196 2050 61
224 2006 295 2051 non
326 1988 517 2051 morietur.
559 1987 635 2069 quid
666 1989 715 2052 661
743 1988 859 2071 impius
890 1988 950 2051 nisi
982 2006 1037 2052 uas
1070 1988 1302 2053 contumeliae?

163 2110 228 2155 6116
250 2111 306 2175 per
328 2091 502 2155 remedium
524 2092 734 2175 paenitentiae
758 2091 862 2157 subito
882 2092 1051 2158 honoratur
1074 2093 1207 2157 candore
1230 2112 1302 2177 gra-
1329 2120 1354 2161 16

163 2198 219 2260 tiae
241 2201 272 2261 et
294 2196 434 2260 induitur
456 2196 566 2261 decore
597 2197 744 2278 iustitiae,
772 2202 808 2262 ut
834 2201 1033 2279 peccatorum
1061 2198 1147 2262 faece
1178 2199 1301 2263 detersa

164 2300 351 2365 confidenter
373 2302 473 2385 possit
494 2302 596 2365 dicere
623 2320 695 2366 cum
721 2302 891 2385 propheta:
924 2320 1101 2386 asperges
1133 2320 1189 2366 me
1219 2302 1301 2386 hys·-
1360 2324 1364 2337 ·

164 2424 245 2489 sopo
273 2410 310 2471 61
336 2406 557 2488 mundabor,
589 2406 737 2471 lauabis
764 2425 819 2470 me
850 2410 887 2471 et
913 2426 1023 2491 super
1052 2407 1175 2471 niuem
1202 2406 1300 2472 deal·

163 2509 280 2574 babor.
328 2510 401 2574 audi
423 2512 610 2593 apostolum,
642 2512 796 2593 quomodo
827 2510 966 2575 dealbari
995 2530 1087 2595 posse
1118 2511 1301 2594 pronuntiat

164 2616 296 2679 maculas
320 2614 540 2695 conscientiae,
563 2618 600 2679 11
614 2615 652 2679 de
668 2634 743 2679 uase
764 2616 941 2698 iniquitatis
964 2634 1021 2680 uas
1045 2614 1300 2681 sanctificationis
1328 2644 1352 2682 11

164 2724 322 2802 appareat:
353 2720 391 2783 in
418 2720 537 2800 domo,
565 2720 677 2803 inquit,
705 2738 932 2804 magnanon
956 2722 1302 2785 solumsuntuasa

164 2841 269 2888 aurea
292 2828 328 2890 61
350 2828 541 2909 argentea,
571 2825 633 2889 sed
662 2828 697 2889 61
718 2825 845 2909 lignea
867 2829 903 2890 11
924 2825 1077 2906 11111111,
1100 2822 1202 2909 <alia>
1224 2826 1300 2907 qui-

164 2928 240 2991 dem
260 2930 296 2993 in
319 2930 509 3010 honorem,
537 2930 612 2993 alia
633 2948 721 2994 uero
743 2930 780 2993 in
804 2930 1077 2994 contumeliam.
1110 2930 1224 2994 adtolle
1248 2948 1300 2995 cor

163 3032 291 3097 liberum
314 3034 353 3097 ab
376 3033 557 3098 inmutabili
580 3034 777 3115 necessitate,
802 3034 942 3099 humana
957 3034 1101 3115 conditio,
1118 3038 1150 3098 et
1166 3052 1299 3119 agnosce

164 3137 241 3201 circa
262 3138 395 3202 salutem
418 3138 554 3201 hominis
578 3138 694 3202 domini
721 3140 767 3203 tui
790 3138 982 3203 ineffabilem
1006 3138 1187 3203 bonitatem.
1227 3157 1299 3203 cum
1327 3166 1352 3207 1

164 3240 302 3307 dixisset:
331 3242 406 3307 alia
432 3242 580 3325 quidem
602 3243 639 3306 in
662 3243 855 3323 honorem,
887 3244 962 3307 alia
988 3261 1075 3307 uero
1106 3244 1143 3307 iu
1173 3246 1299 3307 contu-

163 3348 320 3429 meliam,
344 3366 473 3411 manum
498 3348 563 3430 spei
585 3346 730 3411 fidelibus
754 3348 876 3431 aperuit
897 3366 934 3412 ac
956 3348 1102 3412 dilatauit
1116 3350 1160 3412 ita
1175 3349 1298 3412 dicens:

163 3451 304 3531 quodsi
328 3454 409 3535 quis
433 3472 471 3516 se
495 3452 616 3515 arrhis
640 3452 922 3535 expurgauerit,
947 3453 1018 3517 erit
1040 3453 1165 3516 uasin
1189 3454 1300 3517 hono·

161 3572 236 3617 rem
259 3557 550 3621 sanctificatum.

195 3828 217 3881 Τ
262 3746 302 3815 11]
322 3745 525 3809 1116113114.
591 3745 635 3815 17]
654 3745 754 3799 Psalm.
774 3749 815 3809 50,
829 3748 852 3801 9.
920 3745 965 3813 21]
985 3747 1001 3799 2
1021 3744 1089 3799 Tim.
1103 3748 1127 3809 2,
1141 3748 1182 3800 20.
1250 3746 1297 3815 28]

163 3831 178 3883 2
219 3828 262 3883 im.
274 3834 297 3896 2,
309 3836 351 3889 21.

205 4004 373 4075 ldispicitur
391 4009 420 4061 P
470 4007 577 4074 utiquae
596 4008 624 4062 P
674 4005 715 4058 illi
734 4007 761 4061 P
818 4010 913 4075 bpoat
931 4007 1046 4061 alteram
1065 4005 1120 4075 ipse
1139 4006 1203 4059 add.
1223 4010 1298 4061 estc

161 4090 314 4159 bquisqnae
334 4096 362 4148 P
414 4096 600 4148 71161111
654 4094 687 4148 13
706 4092 867 4160 feceritquae
886 4093 914 4145 P
972 4096 1003 4148 17
1022 4092 1141 4162 aspargis
1160 4093 1187 4145 P
1242 4092 1297 4160 me]

162 4202 265 4255 domine
281 4208 379 4261 addo
431 4222 513 4275 ysopo
532 4208 559 4259 P
610 4208 645 4260 22
663 4172 735 4258 libea
752 4208 780 4259 P
835 4205 888 4258 alia
906 4206 1012 4273 addidi,
1031 4223 1082 4260 om.
1103 4206 1130 4259 P
1189 4202 1296 4271 quidem

161 4318 574 4390 1111161,1[.1.26,1116161111
594 4320 621 4371 P
673 4318 737 4389 quid
756 4318 827 4373 enim
847 4318 899 4373 alia
918 4320 981 4371 sunt
1000 4333 1098 4376 nasac
1155 4283 1296 4375 21111111-

163 4404 200 4457 uit
218 4404 247 4459 Ρ
