3100 4892
594 440 691 495 Liber
708 440 722 495 1
742 443 851 497 12-13.
1249 442 1293 508 45

155 635 269 697 sermo,
300 634 373 680 cum
403 616 492 681 dicit:
524 618 622 681 omui
652 616 823 681 custodia
853 634 961 681 serua
991 634 1051 679 eor
1082 620 1194 681 tuum.
1238 617 1293 681 sed

153 722 311 803 apostolus
334 723 402 787 siue
424 722 528 786 diuino
551 722 700 785 adiutorio
727 722 786 785 hoe
813 721 879 785 fieri
901 738 963 785 nou
986 739 1077 804 posse
1100 722 1292 803 manifestat,

154 844 223 890 curn
246 827 337 892 dicit:
366 826 535 891 dominus
559 825 751 891 custodiat
778 826 890 890 corda
917 829 1048 890 uestra
1077 828 1113 889 et
1144 825 1293 891 intelle-

153 931 299 1014 gentiae
314 934 464 996 uestras
480 932 517 995 iu
533 929 683 996 Christo
698 930 794 995 lesu.
827 930 939 995 asserit
954 930 1107 1013 propheta
1121 931 1291 995 uoluntatis

153 1037 292 1119 propriae
309 1036 492 1101 facultatem
508 1036 545 1100 de
562 1039 664 1100 semet
674 1036 742 1119 ipso
758 1036 880 1101 diceus:
895 1035 1080 1100 inclinaui
1096 1053 1155 1100 cor
1171 1054 1290 1100 meum
1331 1060 1344 1101 a

154 1142 193 1205 ad
215 1142 409 1207 faciendae
431 1142 729 1207 iustificationes
753 1145 847 1207 tuas.
895 1142 950 1205 aed
972 1142 1048 1205 nihil
1071 1141 1109 1205 de
1129 1141 1202 1206 solis
1226 1141 1292 1205 eius

154 1246 270 1311 uiribus
293 1248 450 1332 intellegit
471 1246 747 1329 praesumendum,
770 1265 843 1311 cum
863 1246 1036 1329 proclamat
1052 1245 1090 1309 ad
1106 1246 1216 1309 deum:
1241 1245 1293 1309 iu·

155 1352 264 1433 clina,
294 1353 409 1436 inquit,
441 1370 502 1417 cor
532 1370 653 1416 meum
682 1352 720 1415 in
750 1352 967 1416 testimonia
997 1354 1060 1415 tue
1090 1354 1125 1415 et
1154 1368 1224 1415 nen
1255 1350 1292 1413 iu

154 1458 361 1522 auaritiam.
400 1460 525 1541 propter
545 1456 680 1521 liberum
704 1454 868 1520 arbitrium
885 1456 1028 1520 indicitur
1044 1455 1147 1519 nobis:
1171 1458 1291 1519 rectos

154 1580 282 1627 cursus
304 1563 363 1627 fac
384 1562 542 1646 pedibus
565 1561 639 1626 tuis
663 1565 699 1625 et
721 1562 801 1625 uias
824 1564 907 1625 tuas
931 1560 1060 1644 dirige.
1097 1560 1151 1623 sed
1173 1578 1229 1624 noa
1253 1559 1293 1623 ad
1321 1586 1344 1625 ro

154 1668 284 1750 gratiam
308 1667 525 1751 confugientes
551 1684 608 1750 pro
634 1665 826 1731 infirmitatis
849 1665 1039 1729 conscientia
1062 1665 1291 1747 supplicamus:

156 1771 270 1856 dirige
293 1772 330 1836 iu
352 1775 558 1855 conspectu
574 1774 637 1835 tuo
653 1772 751 1836 uiam
767 1788 900 1851 meam,
917 1773 963 1834 et:
980 1770 1123 1853 perfice
1138 1787 1291 1853 gressus

156 1894 250 1940 meos
273 1877 310 1940 iu
333 1877 479 1940 semitis
502 1877 586 1939 tuis.
1127 1884 1134 1903 '

194 1980 332 2065 Imperat
353 1980 455 2061 uobis,
479 1982 532 2064 qui
553 1980 696 2063 propriae
719 1980 890 2043 uoluntatis
906 1979 1044 2063 generali
1060 1978 1291 2061 dispensatione

154 2085 199 2149 ius
221 2086 346 2150 tribuit:
378 2086 604 2149 inluminate
635 2084 742 2149 uobis
773 2085 899 2149 lumen
934 2083 1125 2147 scientiae.
1172 2101 1228 2167 pro
1256 2101 1291 2147 eo
1319 2110 1344 2149 rs

155 2208 234 2270 uero,
257 2191 340 2273 quod
354 2194 455 2255 totum
472 2191 511 2254 ad
528 2192 686 2253 auctorem
702 2188 822 2273 gratiae
846 2189 1043 2253 referendum
1060 2191 1117 2268 est,
1138 2188 1290 2271 legimus:

155 2295 211 2375 qui
230 2295 339 2359 docet
357 2295 545 2359 hominem
567 2294 782 2374 scientiam,
806 2293 871 2357 uel:
895 2294 1065 2357 domiuus
1089 2292 1292 2356 inluminat

155 2416 294 2480 caecos,
323 2399 504 2464 etiterum:
535 2399 718 2464 inlumina
744 2399 871 2462 oculos
900 2415 1014 2479 meos,
1046 2418 1089 2462 ue
1118 2414 1290 2480 umquem

154 2502 386 2569 obdormiant
408 2504 445 2568 iu
465 2507 637 2584 mortem,
658 2507 702 2566 et:
719 2502 852 2566 beatus
873 2502 995 2583 homo,
1019 2522 1124 2585 quem
1151 2505 1188 2565 tu
1213 2522 1290 2566 aru·

154 2607 279 2690 dieris,
302 2608 464 2689 domiue,
493 2612 528 2672 et
559 2609 601 2671 de
624 2609 706 2692 lege
729 2611 793 2671 tua
816 2607 985 2671 docueris
1009 2626 1099 2671 eum.
1132 2606 1290 2689 apostolus
1317 2632 1343 2672 ro

154 2710 267 2776 arbitrii
290 2712 483 2796 praedicator
505 2712 686 2776 libertatern
713 2713 779 2776 eius
807 2712 850 2775 ite
877 2712 987 2775 incitat
1014 2711 1137 2775 diceus:
1170 2714 1290 2775 eusto-

154 2815 225 2881 dite
249 2818 391 2883 animas
415 2822 578 2899 uestras,
610 2818 665 2881 sed
692 2818 937 2881 misericordiam
962 2817 1010 2880 dei
1033 2818 1223 2900 protestatur
1247 2816 1291 2879 ita

154 2939 415 2987 commemorans:
450 2924 621 2988 dominus
655 2922 845 2987 custodiat
879 2921 1078 2987 introitum
1113 2924 1225 2985 tuum
1256 2922 1291 2985 et

154 3026 287 3091 exitum
310 3031 424 3092 tuum.
463 3048 519 3111 per
534 3028 613 3092 haee
627 3029 742 3110 itaque,
767 3026 880 3110 quibus
904 3027 995 3091 medo
1019 3026 1140 3090 arbitrii
1162 3024 1290 3089 libertas

153 3130 312 3214 adseritur,
336 3132 428 3197 modo
451 3133 594 3197 caelestis
616 3132 747 3216 largitas
771 3132 1014 3213 demonstratur,
1037 3149 1120 3195 nuuc
1135 3132 1229 3195 homo
1251 3130 1289 3193 de
1316 3154 1341 3195 2⁵

153 3238 304 3301 concessis
326 3237 445 3301 uiribus
469 3238 662 3317 admonetur,
691 3256 730 3301 ne
754 3237 792 3300 de
816 3238 881 3301 sola
904 3237 1006 3321 gratia
1033 3239 1136 3318 speret
1162 3235 1288 3315 otiosus,

153 3358 233 3404 nuuc
254 3341 292 3406 de
314 3343 421 3430 gratia
440 3360 565 3424 sperare
588 3341 788 3424 praecipitur,
820 3362 859 3406 ue
887 3341 924 3404 de
953 3341 1017 3405 solo
1045 3342 1086 3404 sit
1112 3338 1217 3403 labore
1241 3358 1290 3403 se-

153 3462 252 3509 curus.
290 3447 346 3511 sed
368 3445 462 3511 dicis:
487 3448 518 3511 si
539 3446 842 3529 praedestinatio
866 3463 937 3510 nou
960 3449 1031 3525 est,
1059 3462 1123 3508 cur
1150 3444 1187 3507 iu
1209 3462 1289 3526 par·

152 3550 249 3613 culis
275 3551 340 3616 alii
368 3550 627 3635 baptizantur,
659 3551 726 3616 elii
755 3552 835 3615 siue
863 3550 1042 3633 baptismi
1073 3548 1289 3613 sanctifica·

257 3766 281 3836 l]
298 3766 377 3822 Pron.
392 3770 417 3832 4,
429 3770 471 3823 23.
534 3768 562 3838 3]
581 3767 726 3832 Philan
789 3766 817 3836 5]
836 3766 935 3821 Psalm.
950 3768 1008 3831 118,
1023 3768 1078 3823 112.
1142 3766 1288 3837 71Psalm.

151 3855 208 3918 118,
221 3855 264 3909 36.
329 3854 371 3925 la]
390 3854 490 3909 Pealm,
504 3857 572 3919 5,9;
592 3858 631 3918 16,
646 3857 670 3909 5.
738 3853 781 3923 17]
800 3853 1010 3919 Paulrn.93,10.
1079 3853 1178 3908 Psalm.
1192 3856 1251 3919 145,
1264 3858 1288 3911 8.

154 3942 195 4010 18]
207 3940 305 3996 Psalm.
321 3945 361 4008 12,
374 3946 398 3997 5.
446 3942 489 4011 19]
502 3940 601 3996 Paalrn.
615 3944 657 4007 93,
672 3945 710 3998 12.
756 3942 803 4011 21]
822 3942 872 3997 Ier.
888 3944 927 4007 11,
940 3944 981 3997 21.
1027 3941 1071 4010 23]
1085 3940 1287 4004 Psalm.120‚8.

195 4144 312 4213 lomui]
335 4144 363 4198 P
431 4143 577 4213 laeserit]
600 4144 628 4197 iu
650 4144 754 4199 addo
824 4142 976 4199 9euaritia
998 4143 1026 4197 P
1096 4145 1128 4198 10
1150 4158 1239 4195 eureos
1262 4143 1290 4196 P

154 4232 181 4286 11
202 4228 379 4299 confugientia
399 4230 440 4284 P¹
505 4233 537 4287 14
556 4230 661 4301 inperat
679 4232 706 4285 P
772 4234 803 4287 15
823 4230 1008 4285 illuminarer>
1073 4233 1105 4286 19
1124 4229 1288 4285 dormiemo

153 4320 264 4371 murteo
313 4320 345 4374 al
359 4317 539 4387 praedictoro
591 4318 844 4372 26ammoueturP
894 4319 927 4371 27
945 4316 1110 4371 laborceito
1161 4319 1195 4372 28
1212 4332 1287 4385 prae-

153 4403 286 4458 diatiuatio
304 4406 331 4459 P
382 4420 451 4472 quur
470 4406 497 4459 P
