3100 4892
619 399 716 454 Liber
734 400 763 453 ΙΙ
780 404 804 455 9.
1239 400 1280 463 79

149 579 192 643 dei
212 582 273 659 est,
295 578 378 660 quod
401 577 566 661 intellegit,
588 576 671 659 quod
692 580 814 640 rectum
838 576 930 659 sapit,
954 575 1035 657 quod
1058 576 1139 640 inter
1161 576 1281 640 malum

148 688 176 747 et
195 682 315 747 bonum
333 683 446 747 iudicio
462 682 660 746 examinante
677 680 880 745 discriminat.
920 684 1038 744 etcum
1054 679 1130 743 deus
1146 679 1280 761 bonitas,

148 788 366 867 misericordia,
389 787 541 871 patientia
563 790 657 868 atque
679 786 800 850 iustitia
821 786 871 865 sit,
895 788 1010 867 quanto
1033 785 1163 867 quisque
1180 786 1279 867 magis

147 894 240 957 iustus
264 911 301 956 ac
323 894 444 976 patiens
467 891 634 971 inuenitur,
658 894 744 955 tanto
765 890 866 973 magis
883 890 939 953 deo
956 890 1065 954 similis
1082 889 1280 971 adprobatur,

147 998 228 1061 cuius
251 998 358 1079 utique
381 996 552 1061 similitudo
576 1014 638 1060 nen
662 996 693 1060 in
717 994 868 1075 uultibus,
892 994 946 1058 sed
966 994 997 1057 in
1017 994 1186 1059 uirtutibus
1209 1013 1280 1078 pos·
1319 1022 1332 1061 e

147 1102 269 1166 sidetnr.
309 1105 341 1166 et
355 1104 520 1185 propterea
534 1101 572 1164 dc
588 1101 644 1164 deo
660 1100 787 1164 dieitur:
812 1099 946 1179 subtilis,
966 1098 1108 1181 simplex,
1131 1100 1278 1163 sincerus.

147 1206 275 1289 simplex
304 1207 426 1288 utique,
457 1205 530 1287 qnia
558 1204 637 1270 nihil
666 1205 712 1269 illi
742 1204 933 1268 extrinsecus
964 1204 1172 1283 adiectitium,
1204 1204 1279 1268 nihil

147 1310 268 1374 aliunde
291 1310 460 1389 conlatum,
484 1309 538 1373 sed
561 1309 594 1373 in
616 1309 669 1373 illo
691 1308 803 1389 uirtus,
831 1308 1082 1389 essentiamque
1106 1307 1281 1373 substantia

147 1419 199 1478 est.
235 1433 274 1479 ae
304 1415 350 1479 sic
377 1414 453 1478 dens
480 1413 563 1496 quod
584 1412 681 1478 habet
703 1417 762 1494 est,
788 1413 882 1476 homo
905 1430 979 1477 uero
1001 1413 1079 1476 haec
1102 1412 1192 1493 dona,
1221 1414 1280 1477 nisi

146 1521 305 1603 acceperit,
327 1536 390 1584 non
412 1519 517 1584 habet.
556 1537 628 1582 curn
651 1535 724 1601 ergo
748 1517 824 1582 deus
840 1518 940 1581 iustus
956 1535 992 1581 ao
1007 1517 1136 1597 iustitia,
1161 1519 1280 1582 miseri·
1308 1546 1334 1585 ιο

147 1643 209 1688 cors
232 1628 267 1689 et
289 1623 510 1702 misericordie,
531 1622 601 1706 pins
618 1625 651 1686 et
664 1624 764 1704 pietas
781 1622 833 1702 sit,
856 1622 949 1685 homo
964 1622 1064 1685 iustus
1082 1640 1150 1685 esse
1166 1626 1280 1703 potest,

146 1729 260 1793 iustitia
290 1747 360 1791 esse
390 1746 452 1792 non
481 1730 596 1809 potest,
626 1727 803 1791 misericors
827 1744 895 1789 esse
925 1730 1039 1809 potest,
1070 1726 1281 1791 misericordia

147 1852 210 1897 esse
233 1850 297 1897 non
320 1836 433 1914 potest,
456 1833 527 1915 pius
551 1850 619 1895 esse
641 1835 755 1914 potest,
777 1830 877 1915 pietas
901 1850 970 1894 esse
993 1849 1055 1895 non
1070 1834 1184 1913 potest,
1207 1832 1281 1913 quia
1373 1893 1375 1901 ,

146 1955 204 2001 non
219 1936 403 2002 naturaliter
418 1936 516 2001 babet
531 1936 602 2017 ista,
623 1936 678 1999 sed
694 1936 830 2019 largiter.
869 1935 958 1999 uerbi
972 1936 1075 2019 gratia
1096 1936 1148 1999 ille
1169 1954 1279 2001 aurum

147 2046 200 2123 est,
228 2043 324 2105 homo
355 2058 429 2106 uere
460 2041 645 2105 deauratum
676 2059 733 2104 uas
763 2038 864 2103 uideri
893 2042 1006 2122 potest,
1038 2043 1069 2103 et
1095 2040 1127 2103 in
1154 2039 1279 2105 homine
1309 2068 1332 2109 rr

145 2147 245 2229 gratia
276 2150 334 2226 est,
364 2145 447 2227 quod
476 2146 510 2209 in
540 2145 596 2209 deo
626 2148 738 2209 natura
767 2146 826 2224 est,
856 2148 888 2207 et
917 2145 949 2208 in
977 2143 1035 2207 hoc
1058 2148 1198 2209 ereetum
1222 2150 1279 2225 est,

146 2252 224 2332 quod
246 2252 279 2315 in
301 2251 355 2314 illo
376 2249 525 2334 probatur
548 2250 733 2333 ingenitum.
771 2252 804 2312 et
825 2248 894 2311 ideo
917 2248 1003 2313 iuxta
1024 2248 1105 2313 hano
1127 2250 1279 2313 rationem

146 2356 243 2438 magis
268 2355 380 2437 duplex
403 2358 502 2419 status
525 2353 661 2418 hominis
684 2357 824 2436 apparet,
847 2353 897 2417 cui
920 2352 997 2416 haec
1019 2352 1063 2417 ita
1089 2354 1279 2435 inseruntur,

146 2464 179 2522 ut
201 2463 385 2541 separentur
407 2459 531 2541 saepius
554 2462 586 2523 et
609 2458 798 2522 auferantur.

185 2563 300 2627 Errant
319 2581 402 2646 ergo,
425 2563 479 2645 qui
498 2563 649 2627 iustitiam
664 2562 863 2643 reliquasque
882 2561 1015 2626 uirtutes
1031 2562 1153 2626 animae
1168 2566 1281 2647 putant
1306 2592 1333 2631 eo

146 2686 212 2730 esse
224 2667 444 2746 substantiam,
460 2667 527 2731 sine
539 2665 652 2749 quibus
662 2670 834 2748 utcumque
844 2669 949 2749 potest
960 2666 1047 2730 uitali
1059 2667 1089 2729 in
1102 2671 1214 2732 nature
1225 2666 1282 2733 su'a

145 2771 250 2855 uigore
272 2771 453 2852 subsistere,
476 2771 542 2835 sine
564 2770 677 2852 quibus
701 2775 732 2834 et
751 2770 892 2835 diabolus
908 2770 939 2834 in
956 2774 1068 2835 natura
1083 2790 1140 2835 sua
1154 2791 1281 2837 manere

145 2878 322 2941 dinoscitur.
362 2875 528 2940 manifeste
560 2876 643 2939 euim
671 2875 875 2947 inueniuntur
897 2876 1049 2957 adposita,
1079 2876 1154 2941 dum
1181 2878 1280 2960 culpis

145 2980 422 3046 interuenientibus
453 2983 617 3045 exuuntur.
656 2982 759 3044 solum
785 2998 860 3045 uero
887 2980 1049 3045 arbitrium
1077 2984 1109 3045 et
1131 2981 1280 3047 inmorta-

144 3085 224 3166 litas,
247 3103 325 3169 quae
349 3085 444 3149 etiam
468 3085 560 3148 malis
583 3085 678 3149 insita
700 3089 758 3165 est,
786 3102 847 3149 non
872 3084 1022 3165 aufertur,
1051 3086 1124 3149 licet
1146 3086 1279 3169 dignitas
1307 3114 1332 3153 sa

146 3194 177 3253 et
204 3190 363 3255 beatitudo
393 3190 624 3255 inmortalitatis
654 3190 754 3273 possit
784 3190 907 3255 auferri.
951 3193 1104 3273 quantum
1135 3210 1207 3274 ergo
1241 3192 1279 3255 ad

144 3293 320 3359 ubertatem
351 3294 473 3359 arbitrii
504 3297 536 3358 et
563 3294 822 3360 inmortalitatem
851 3294 995 3378 pertinet,
1029 3295 1199 3379 imaginem
1230 3296 1279 3359 dei

144 3397 302 3463 licetase
323 3398 405 3463 etin
429 3418 463 3461 se
486 3397 694 3463 decoloratam
718 3399 815 3463 etiam
838 3398 913 3462 mali
935 3397 1050 3464 habere
1073 3402 1214 3483 possunt,
1239 3401 1280 3465 si-

144 3501 352 3567 militudinem
374 3503 436 3568 nisi
457 3501 530 3567 boni
553 3503 668 3567 habere
691 3521 754 3567 non
775 3506 917 3586 possunt.
957 3521 1035 3585 quae
1059 3521 1131 3567 eum
1147 3505 1191 3568 ita
1206 3505 1279 3585 sint,

145 3622 217 3669 eum
243 3608 386 3671 homiues
409 3608 454 3671 itu
476 3607 593 3671 fuerint
614 3608 751 3691 imagine
774 3610 806 3671 et
828 3607 1031 3672 similitudine
1053 3606 1115 3693 <del
1138 3608 1279 3691 praediti,
1306 3636 1332 3675 ao

144 3713 181 3773 ut
196 3711 284 3776 multi
300 3712 396 3776 etiam
415 3710 485 3796 lilii>
506 3710 554 3775 dei
578 3712 746 3776 meruerint
769 3712 951 3795 nuncupari,
975 3712 1026 3775 uel
1048 3712 1157 3795 paucis
1180 3714 1280 3779 adhuc

187 3882 253 3937 2ᾱέ
269 3885 304 3953 Ρ,
322 3883 399 3939 deie
462 3882 599 3969 dadquae
617 3884 645 3938 P
699 3884 834 3967 'quisquae
853 3885 880 3940 P
942 3884 1084 3953 autiquae
1103 3886 1130 3941 P
1193 3886 1280 3941 luti-

146 4005 249 4071 quaer
298 4005 475 4074 sicquae
525 4008 559 4061 ro
577 3989 673 4060 iatum
690 3990 719 4059 in
737 4004 786 4059 ceo
800 4007 828 4060 P
880 4008 912 4061 re
931 4006 1019 4075 sepius
1035 4007 1064 4061 Ρ
1114 4009 1283 4063 oceanea>

145 4090 322 4161 reliquasquae
340 4094 368 4146 P
417 4094 450 4147 21
469 4096 630 4161 utcumquae
648 4094 676 4146 P
726 4094 760 4148 22
779 4091 903 4146 diabulus
919 4093 948 4147 P
997 4097 1031 4149 24
1049 4094 1280 4150 inuenientibuso

144 4178 180 4231 28
198 4194 212 4230 a
228 4178 265 4248 se]
283 4196 373 4233 essee
424 4181 459 4235 30
477 4196 559 4235 cure
609 4180 649 4233 ita
665 4178 767 4233 suerint
785 4196 865 4235 omo
918 4179 1082 4235 doi...fllii
1101 4182 1199 4237 addidi
1216 4184 1279 4237 Mc-

144 4266 229 4318 nenta'a'
240 4267 295 4321 loeo
304 4266 422 4335 predam
430 4284 505 4334 auus,
515 4269 548 4336 cf.
560 4284 628 4337 graue
637 4268 750 4336 expromi
759 4268 790 4321 in
800 4268 869 4323 libro
879 4266 1005 4322 ‘Stadios
1013 4271 1079 4323 dber
1089 4270 1132 4323 die
1142 4270 1280 4337 Schriften

146 4349 194 4405 dee
209 4352 335 4408 Fureetus'
348 4370 379 4421 p.
392 4358 434 4420 19,
453 4353 495 4406 dei
514 4354 631 4407 decorati
650 4353 738 4421 augeli
757 4370 802 4407 seu
822 4353 870 4406 filii
889 4374 912 4423 e,
931 4372 981 4411 om.
1001 4355 1030 4409 P
