3100 4892
265 394 331 460 322
707 395 773 450 IIII.
793 395 902 450 Sermo
920 397 963 452 24.

266 571 335 637 hire
357 572 502 656 coeperit,
526 570 741 636 humiliabitur
763 577 805 652 et,
828 573 881 654 qrri
904 572 1057 655 superbus
1081 577 1138 653 est,
1162 573 1188 637 si
1212 591 1246 638 se
1262 573 1402 636 humilia·

266 677 357 757 uerit,
386 695 442 759 per
473 676 523 740 dei
552 676 798 741 misericerdiam
825 676 1051 742 subleuabitur.
1089 681 1215 742 tantum
1242 682 1291 742 est
1313 678 1401 756 enim,

266 783 302 846 nt
324 799 357 845 se
379 797 443 845 non
465 780 629 863 permittat
651 781 786 864 amplius
810 780 977 846 durissimo
1000 782 1073 866 iugo
1102 782 1203 864 premi
1230 799 1288 846 nec
1310 781 1402 845 nimia

268 888 300 949 et
329 885 503 966 periculosa
532 883 783 949 dissimulatione
812 885 845 948 in
874 885 1011 968 peccatis
1041 885 1270 969 perseuerando
1293 885 1401 949 diutius

227 1014 241 1054 c
268 988 423 1069 obdurari,
453 988 509 1054 sed
538 991 605 1054 tam
634 989 696 1053 cito
725 989 887 1073 confugiat
917 989 956 1054 ad
985 989 1136 1074 pietatem
1163 989 1223 1071 dei,
1253 994 1289 1054 ut
1314 991 1346 1052 in
1371 1008 1401 1052 se

266 1094 385 1176 peccati
409 1092 579 1177 uestigium
601 1111 665 1158 non
687 1093 853 1176 relinquat.
892 1093 1009 1176 optime
1032 1094 1141 1158 calidis
1168 1094 1270 1158 adhuc
1299 1094 1402 1158 uulne-

266 1195 353 1261 ribus
387 1197 548 1281 malagma
577 1197 628 1261 nel
659 1194 757 1262 fibula
791 1198 971 1280 apponitur,
1006 1197 1094 1279 quia,
1129 1198 1157 1262 si
1190 1198 1281 1262 uelox
1315 1198 1403 1262 faerit

268 1300 307 1364 ad
336 1301 505 1366 caelestem
535 1301 692 1366 medicum
720 1301 852 1366 intentio
874 1301 1066 1385 resurgendi,
1097 1302 1268 1386 uestigium
1290 1302 1402 1385 peccati

268 1422 328 1470 non
358 1405 474 1488 poterit
504 1422 665 1470 remanare
699 1422 771 1469 cum
804 1406 903 1488 lapso,
937 1406 1012 1489 quia
1045 1406 1103 1470 sub
1137 1423 1233 1470 manu
1267 1406 1402 1489 omnipo

217 1535 241 1574 ιο
267 1509 361 1574 tentis
392 1509 504 1574 medici
533 1509 583 1574 dei
613 1512 645 1574 et
674 1509 735 1574 cito
764 1509 846 1592 perit
877 1509 1005 1574 morbus
1037 1513 1070 1574 et
1101 1510 1250 1575 uelociter
1282 1513 1402 1576 sanatur

268 1616 423 1696 aegrotus.

311 1717 431 1782 Iterum
454 1721 548 1799 atque
569 1717 684 1781 iterum
707 1734 782 1801 rogo
803 1721 834 1782 et
854 1717 1017 1798 admoneo,
1040 1718 1164 1798 fratres,
1188 1721 1224 1782 ut
1243 1717 1402 1782 oboedien-

266 1822 345 1886 tiam
377 1825 410 1886 et
439 1820 653 1886 humilitatem
683 1824 715 1885 et
745 1822 908 1886 caritatem
941 1839 1004 1886 non
1038 1823 1140 1888 solum
1171 1823 1347 1886 senioribus
1375 1827 1402 1885 et

267 1923 498 2007 coaequalibus,
525 1924 581 1990 sed
608 1925 705 1990 etiam
731 1925 904 1991 iunioribus
933 1926 1077 1990 exhihere
1103 1927 1219 2011 iugiter
1246 1927 1400 2004 studeatis,

216 2055 241 2096 rs
267 2031 349 2113 quia,
372 2029 530 2111 quaelibet
549 2028 632 2094 bona
653 2047 763 2094 seruus
784 2029 835 2093 dei
854 2028 969 2094 habore
989 2031 1194 2111 contenderit,
1214 2031 1322 2095 emnia
1339 2049 1401 2114 per·

267 2135 376 2199 niciter
398 2134 512 2216 perdit,
542 2133 626 2198 siin
647 2133 702 2198 illo
724 2133 885 2198 humilitas
909 2138 941 2199 et
968 2135 1082 2199 caritas
1110 2151 1184 2198 uera
1211 2153 1274 2200 non
1305 2135 1399 2198 fuerit.

268 2239 364 2303 nolite
388 2255 595 2318 murmurare,
626 2237 749 2318 iratres,
781 2237 1007 2322 scriptumest
1038 2240 1132 2319 enim,
1163 2239 1245 2321 quod
1268 2257 1400 2302 munnu-
1503 2237 1504 2264 l

267 2346 373 2407 rantes
396 2360 416 2406 a
437 2340 637 2425 serpentibus
659 2342 828 2424 perierunt.
867 2342 963 2407 nolite
987 2342 1158 2423 detrahere,
1181 2342 1307 2423 fratres,
1336 2343 1400 2424 quia

268 2448 421 2530 scriptum
453 2449 514 2510 est:
550 2446 613 2529 qui
644 2446 809 2534 detrahit
839 2447 967 2527 fratri,
998 2447 1265 2512 erudicabitur.
1311 2447 1399 2511 nolite

213 2576 240 2616 eo
266 2551 460 2616 iracundiam
490 2551 522 2614 in
552 2549 643 2615 corde
673 2569 809 2631 seruare,
840 2551 915 2633 quia
945 2553 1095 2634 scriptum
1125 2555 1188 2616 est:
1223 2553 1280 2616 ira
1309 2551 1398 2614 enim

265 2655 339 2719 uiri
361 2654 549 2720 iustitiam
571 2655 631 2719 dei
657 2672 729 2720 nen
756 2658 942 2739 operatur.
981 2655 1077 2719 nolite
1099 2674 1155 2720 uos
1179 2656 1314 2720 inuicem
1334 2654 1398 2718 odio

264 2759 380 2824 habere
411 2761 538 2843 propter
559 2758 647 2839 illud,
678 2759 760 2842 quod
784 2760 935 2843 scriptum
959 2763 1020 2825 est:
1052 2760 1114 2842 qui
1146 2760 1225 2825 odit
1254 2761 1399 2824 fratrem

265 2882 388 2944 suum,
410 2861 598 2928 homicida
620 2866 687 2928 est.

309 2966 369 3032 Sed
398 2985 461 3032 non
491 2985 570 3051 opus
600 2971 658 3048 est,
689 2970 726 3031 ut
757 2967 873 3032 diutius
904 2971 1049 3032 sanctam
1075 2967 1239 3032 caritatem
1269 2969 1398 3030 uestram
1502 3049 1503 3054 ἵ

214 3100 240 3139 n
265 3072 369 3137 uerbis
392 3072 570 3153 doceamus,
594 3071 677 3154 quod
699 3089 756 3136 nos
779 3072 820 3136 ad
835 3070 952 3136 Christi
967 3073 1100 3155 gloriam
1116 3072 1262 3154 operibus
1278 3070 1398 3153 implere

265 3181 298 3241 et
320 3177 539 3261 cognoscimus
568 3178 601 3238 et
626 3175 811 3259 gaudemus.
850 3176 909 3241 hoc
932 3177 1033 3241 solum
1057 3176 1233 3258 specialiter
1259 3175 1398 3260 petimus,

265 3285 310 3362 ut,
332 3281 407 3363 quia
434 3299 490 3345 uos
518 3280 594 3343 deus
618 3281 778 3344 inlocum
803 3280 917 3361 quietis
941 3283 974 3345 et
996 3280 1233 3362 tranquillitatis
1256 3279 1397 3344 collocare

266 3386 411 3470 dignatus
435 3389 494 3465 est,
517 3403 572 3467 pre
596 3383 696 3465 nobis,
720 3402 799 3466 quos
822 3384 939 3448 saeculi
962 3384 1053 3448 istius
1077 3387 1280 3468 tempestates
1302 3385 1333 3446 et
1352 3382 1397 3445 in-

265 3489 478 3554 numerabiles
501 3487 614 3553 fluctus
638 3487 794 3572 affligunt,
826 3488 1036 3552 abundantius
1064 3488 1190 3553 domino
1213 3486 1396 3570 supplicetis,

213 3620 240 3660 so
266 3600 310 3676 ut,
342 3595 369 3658 si
399 3593 500 3674 nobis,
530 3594 688 3675 quianon
711 3611 879 3672 meremur,
910 3593 1011 3676 gloria
1038 3612 1100 3657 non
1127 3593 1262 3672 dabitur,
1291 3591 1395 3654 saltem

267 3699 357 3764 nobis
380 3696 544 3764 orantibus
565 3701 765 3780 peccatorum
788 3698 883 3761 uenia
905 3696 1069 3762 tribuatur.
1107 3696 1221 3761 Amen.

371 3940 415 4010 17]
434 3939 515 3996 Num.
529 3942 571 4004 21,
584 3942 608 3995 6.
647 3940 691 4009 19]
710 3939 763 3993 Iac.
776 3941 802 4004 4,
816 3941 855 3996 11.
891 3939 1097 4010 20]1ao.1,2o.
1133 3939 1180 4009 22]
1202 3938 1395 4000 lIoann.3,15.
1501 3945 1502 3982 l

310 4167 530 4224 lhumiliauerit
546 4185 570 4234 o,
588 4165 716 4221 humiliat
733 4168 798 4222 labri
863 4167 968 4222 aenim
986 4185 1038 4222 om.
1051 4166 1120 4223 Asc
1191 4170 1224 4223 lo
1243 4166 1283 4220 dei
1300 4181 1345 4220 ora.
1362 4161 1396 4216 Oc

267 4258 300 4311 15
317 4255 456 4309 contendit
472 4257 534 4308 eto
587 4256 618 4310 17
631 4253 935 4322 seriphum—quiacdd.
949 4255 988 4308 ΒΞ
1003 4255 1035 4308 in
1046 4271 1131 4324 marg.
1184 4254 1299 4308 20enim
1311 4249 1394 4308 ors-A

266 4342 442 4411 messapus
461 4342 488 4395 A
542 4342 575 4396 25
594 4341 657 4408 quia
674 4342 701 4395 A
754 4342 789 4395 30
807 4340 853 4408 qui
873 4340 912 4395 Oc
