3100 4892
204 403 283 458 XXII
651 405 892 474 Prolegomena.

205 598 286 644 anno
315 579 390 662 448,
420 585 513 662 certe,
545 582 571 646 si
601 582 721 646 concilii
744 581 1006 646 Chalcedonensis
1037 600 1118 646 anno
1148 581 1209 644 451
1242 581 1342 646 hahiti

205 688 323 750 statuta
337 685 489 750 Faustum
508 686 634 751 nouisse
649 686 830 766 statuimus,
853 689 926 750 ante
941 686 1025 750 hunc
1044 687 1094 751 uel
1114 687 1204 751 illum
1224 705 1341 752 annum

205 789 338 872 epistula
361 791 478 872 scripta
500 794 556 854 cst.

247 893 393 958 Extremo
425 894 492 958 loco
523 894 667 958 laudatur
691 912 709 957 4
731 893 893 959 Gennadio
916 894 1081 977 epistula
1103 895 1146 958 ad
1169 895 1341 976 Felicem,

204 997 325 1061 filium
348 997 474 1081 Magni
497 999 680 1077 consulis,
713 999 800 1062 cuius
823 998 967 1080 pluribus
988 999 1063 1063 locis
1086 1000 1231 1063 meminit
1254 999 1342 1064 Sido·

204 1103 274 1166 nius
295 1100 380 1184 (uide
396 1103 529 1167 indicem
544 1104 576 1166 in
591 1103 801 1168 Luctiohanni
816 1103 951 1167 editione
967 1123 992 1168 s.
1010 1123 1039 1168 u.
1058 1103 1224 1190 Magnas),
1246 1124 1341 1187 quam

205 1206 370 1288 epistulam
393 1206 426 1270 in
449 1207 555 1271 exsilio
579 1206 727 1272 aFausto
744 1208 894 1290 scriptam
912 1212 943 1272 et
957 1208 1086 1273 Arelate
1109 1210 1239 1273 missam
1262 1229 1341 1292 esse,

203 1308 258 1373 uhi
280 1309 408 1375 Leontio
438 1311 580 1393 episcopo
612 1331 686 1374 usus
718 1316 766 1375 est
789 1312 875 1376 Felix
904 1315 1035 1394 patrono
1067 1312 1120 1394 (cf.
1136 1333 1167 1396 p.
1185 1313 1258 1395 196,
1276 1313 1341 1397 15),

204 1431 299 1496 supra
321 1434 350 1497 p.
367 1415 413 1478 XI
437 1415 580 1479 diximus.
842 1426 845 1432 '

247 1518 424 1582 Dolendum
447 1523 505 1600 cst,
529 1521 611 1602 quod
633 1521 695 1584 alia
715 1521 822 1584 Fausti
845 1522 971 1604 scripta,
995 1521 1074 1605 quia
1096 1521 1233 1584 necdum
1256 1521 1342 1609 14911,

204 1641 387 1686 enumerare
410 1624 510 1687 noluit
532 1623 723 1689 Gennadius
770 1643 850 1706 quae
873 1629 980 1689 autem
1002 1629 1077 1690 sunt
1098 1627 1176 1690 haec
1205 1629 1342 1710 scripta?

204 1744 283 1808 quae
307 1727 448 1808 quaestio
471 1728 554 1792 haud
577 1747 811 1811 superuacanea
834 1733 892 1810 est,
916 1748 990 1793 nam
1006 1728 1175 1813 significari
1190 1731 1343 1797 Gennadii

203 1829 307 1894 uerbis
331 1835 433 1896 cetera
455 1833 561 1896 omnia
583 1833 690 1896 Fausti
718 1834 843 1915 scripta,
871 1851 951 1915 quae
974 1853 993 1897 4
1015 1832 1176 1900 Gennadio
1203 1839 1342 1919 praeter-

204 1935 300 1999 missa
330 1935 420 1999 nobis
445 1939 570 2000 seruata
593 1940 676 2017 sunt,
706 1938 881 2019 praefracte
905 1939 1095 2021 negauerim.
1141 1958 1177 2003 44
1203 1940 1341 2023 primunr

203 2039 329 2121 quidem
353 2039 531 2104 mirandum
556 2046 613 2120 est,
637 2040 719 2122 quod
739 2040 920 2106 Gennadius
936 2043 1047 2106 Fausti
1069 2061 1259 2108 sermones
1281 2045 1342 2108 uel

203 2143 380 2208 homilias
405 2145 526 2208 silentio
549 2145 769 2228 praetermisit,
794 2164 870 2227 quas
894 2164 956 2210 uno
979 2146 1074 2211 uerbo
1097 2165 1342 2213 commemorare

202 2252 335 2332 poterat,
360 2249 484 2313 etiamsi
507 2266 569 2313 non
591 2251 720 2332 legerat,
749 2268 844 2332 quem
867 2250 1057 2314 admodum
1081 2252 1149 2315 aliis
1171 2252 1249 2317 locis
1271 2273 1342 2336 per-

203 2353 309 2417 multis
330 2353 413 2417 huuc
432 2353 561 2417 illumne
582 2355 765 2436 scriptorem
786 2354 930 2418 homilias
951 2356 1112 2436 scripsisse
1127 2357 1230 2421 tradit.
1265 2378 1341 2422 num

202 2457 383 2540 putabimus
415 2459 565 2540 epistulas
596 2458 736 2522 minutas
759 2477 779 2522 4
801 2457 963 2522 Gennadio
994 2466 1264 2542 commemoratas,
1295 2466 1343 2527 tot

204 2565 309 2626 autem
324 2562 467 2626 homilias
483 2563 598 2626 celatas
616 2565 705 2626 esse?
734 2581 828 2644 quam
844 2561 977 2642 obrem,
1001 2563 1027 2626 si
1043 2563 1116 2644 quid
1139 2564 1240 2645 uideo,
1263 2566 1343 2631 nihil

203 2666 398 2746 relinquitur,
430 2685 524 2747 quarn
554 2670 589 2731 ut
619 2671 795 2730 statuamus
826 2685 862 2730 eo
893 2671 1043 2748 tempore,
1073 2684 1134 2748 quo
1162 2668 1342 2734 Gennadius

203 2771 381 2852 catalogum
410 2789 502 2834 suum
533 2771 702 2834 4411444114
732 2774 787 2834 4114
814 2771 946 2835 ediderit
973 2769 1160 2851 (144114,
1191 2779 1343 2856 utsupra

204 2894 232 2956 p.
250 2875 296 2937 XI
319 2875 565 2956 explanauimus,
588 2873 675 2954 480),
706 2875 814 2938 Fausti
844 2875 988 2939 homilias
1018 2876 1156 2939 nondum
1184 2877 1218 2940 in
1244 2897 1341 2942 1111111

204 2997 314 3060 corpus
331 2978 428 3042 tuisse
444 2979 583 3043 redactas
600 2983 632 3042 et
647 2979 756 3058 editas,
781 2997 973 3060 quamquam
992 2979 1128 3043 libenter
1143 2983 1343 3046 concedimus

204 3102 298 3147 unam
329 3084 500 3146 atteramus
529 3085 592 3147 14111
623 3085 778 3148 exstitisse
809 3082 1009 3167 publicatam.
1048 3088 1171 3165 poterat
1201 3085 1277 3166 11411,
1308 3091 1344 3150 14

204 3192 258 3251 414
274 3188 407 3251 Faustus
429 3192 501 3269 post
523 3187 722 3252 4111114110
743 3188 1111 3252 1141411144411111411111
1128 3191 1343 3254 collectionem

203 3291 321 3374 publici
342 3293 417 3355 iuris
441 3293 557 3356 1444144
580 3296 634 3355 414
653 3292 769 3355 Fausto
793 3291 920 3355 demum
944 3296 1066 3357 mortuo
1090 3294 1282 3376 nescioquis
1305 3295 1343 3357 iis

205 3395 331 3460 edendis
348 3414 474 3479 operam
490 3396 587 3475 daret,
608 3396 639 3459 id
656 3399 739 3460 certe
756 3396 834 3459 mihi
849 3399 991 3460 constare
1007 3397 1129 3461 uidetur
1144 3397 1344 3462 Gennadium

205 3519 240 3565 eo
263 3505 413 3582 tempore,
438 3518 497 3581 quo
518 3501 556 3562 de
572 3499 680 3564 Fausti
699 3500 844 3582 operibus
865 3501 1000 3582 scripsit,
1024 3519 1203 3566 sermonum
1220 3503 1344 3567 Fausti-

205 3623 316 3670 norum
334 3605 508 3684 ,editionem
531 3623 594 3668 non
618 3605 751 3684 nouisse,
774 3604 872 3668 immo
895 3623 987 3668 nosse
1011 3624 1073 3670 non
1095 3607 1243 3689 potuisse.

248 3709 333 3789 Quae
357 3727 428 3772 cum
452 3708 496 3772 144
518 3709 591 3788 sint,
617 3709 681 3772 iam
704 3709 871 3790 quaeritur,
899 3727 978 3789 quae
1001 3709 1111 3774 Fausti
1138 3710 1254 3795 scripta
1275 3732 1344 3773 oec-

206 3812 283 3875 duon
307 3811 418 3898 legerit
434 3813 625 3878 Gennadius.
662 3812 805 3894 equidem
828 3813 933 3876 nullus
957 3813 1074 3893 dubito,
1099 3815 1174 3894 quin
1190 3816 1242 3878 ille
1258 3815 1343 3878 reli·

206 3936 296 4000 quas
320 3917 505 3999 epistulas
528 3935 547 3980 a
571 3937 603 3980 se
624 3917 762 3980 nondum
779 3922 969 3981 memoratas
985 3917 1089 3981 uerbis
1105 3918 1173 3981 istis
1190 3919 1344 4002 designet,

205 4041 283 4105 quas
307 4022 396 4085 titulo
420 4024 561 4084 carentes
585 4022 612 4084 41
636 4039 819 4084 enumerare
847 4022 956 4102 uoluit,
985 4023 1088 4085 iacere
1119 4040 1181 4086 non
1210 4027 1343 4105 poterat,

206 4127 281 4209 quin
303 4124 487 4208 perlegeret.
526 4125 651 4188 maioris
676 4129 782 4188 autem
805 4125 896 4188 molis
919 4143 997 4206 opus
1020 4126 1127 4208 procul
1150 4125 1242 4190 dubio
1258 4126 1344 4191 Gen-

206 4231 326 4310 nadius,
343 4228 465 4292 etiamsi
480 4245 543 4292 non
554 4229 693 4311 legisset,
710 4233 996 4308 commemorasset,
1014 4229 1264 4312 quandoquidem
1275 4234 1343 4294 tarn

205 4335 385 4418 diligentem
410 4351 443 4396 44
465 4333 633 4415 praestitit,
658 4335 693 4396 ut
716 4333 811 4396 etiam
834 4334 950 4416 scripta
972 4332 1080 4396 Fausti
1105 4335 1225 4399 minora
1246 4335 1341 4400 ueluti
