3100 4892
601 433 667 488 mn
686 433 797 488 Sermo
816 435 856 488 la.
1237 429 1302 496 269

160 609 335 696 putridines
365 625 473 674 curare
503 609 690 690 dissimulat,
720 613 793 673 ante
823 608 900 672 illud
930 607 1069 672 tribunal
1098 606 1303 672 metuendum

160 715 227 780 sine
250 715 314 778 uilo
336 714 474 778 remedio
496 715 527 778 in
551 716 736 797 perpetuum
760 713 926 777 uulnerata
947 711 1131 777 remanebit.

202 818 289 899 Quae
321 837 393 883 cum
425 819 470 882 ita
501 818 575 898 sint,
607 818 687 882 bene
721 817 883 883 nobiscum
915 820 1070 900 ageretur,
1103 817 1131 880 si
1161 817 1223 880 iam
1256 816 1302 880 sic

159 941 244 987 nune
259 922 489 1006 paeniteremus
507 941 599 1005 super
615 922 705 986 melis
722 921 850 1002 nostris,
874 921 1028 1003 quemodo
1051 925 1126 984 tnnc
1148 921 1215 984 sine
1238 921 1303 985 nilo

158 1028 297 1092 remedio
331 1026 575 1111 paenitebimus,
615 1027 642 1091 si
675 1026 839 1090 foeditates
873 1029 906 1089 et
938 1025 1136 1091 confusiones
1169 1029 1302 1105 nostras,
1341 1041 1355 1088 o

159 1150 255 1214 quem
278 1132 318 1196 ad
341 1131 469 1196 modum
493 1135 567 1196 tunc
589 1131 688 1194 uisuri
710 1147 831 1209 sumus,
860 1131 903 1194 sie
926 1148 979 1194 eas
1005 1131 1069 1194 iam
1092 1148 1176 1194 nuno
1197 1130 1304 1194 uidere

159 1239 192 1300 et
214 1237 340 1302 horrere
361 1253 535 1320 possemus.
575 1235 636 1300 osi
659 1235 722 1299 iam
738 1253 823 1298 nunc
845 1235 959 1299 taciem
981 1235 1164 1318 peccatricis
1180 1236 1304 1300 animae

161 1341 270 1406 liceret
296 1341 393 1405 oculis
422 1341 558 1424 corporis
588 1340 701 1404 intueri
734 1342 765 1402 et
792 1339 1001 1404 conscientiae
1027 1343 1152 1405 nostrae
1179 1340 1303 1404 uultum

158 1446 189 1508 in
207 1445 370 1510 oculorum
392 1445 602 1528 praesentiam
624 1444 880 1527 permitteremur
903 1443 1070 1509 adducere!
1111 1444 1194 1527 quod
1216 1445 1244 1508 si
1266 1445 1304 1508 li·

158 1553 253 1630 ceret,
277 1569 334 1615 nec
357 1551 417 1615 dici
439 1553 553 1634 potest,
577 1552 694 1631 quanto
718 1549 821 1614 studio
843 1552 1022 1631 quantoque
1044 1553 1130 1614 metu
1153 1567 1301 1632 urguere·
1330 1575 1355 1612 ιο

159 1674 231 1719 mur
258 1655 383 1720 foedata
404 1671 589 1738 conponere,
618 1654 777 1718 maculata
800 1653 969 1737 detergere,
997 1654 1161 1718 uulnerata
1182 1671 1299 1718 curare.

158 1759 300 1841 ideoque,
328 1759 491 1842 quianon
519 1759 677 1842 possimus
705 1759 803 1824 oculis
831 1759 977 1841 corporis
1003 1758 1208 1842 inspiciamus
1234 1777 1301 1839 nos,

158 1865 190 1928 in
219 1867 373 1946 quantum
400 1864 568 1947 possimus,
597 1863 648 1928 uel
675 1863 772 1928 oculis
801 1863 902 1928 cordis
929 1866 961 1927 et
986 1881 1069 1927 nunc
1095 1863 1302 1928 conscientias

159 1972 283 2033 nostras
307 1973 379 2033 ante
403 1972 604 2052 conspectum
627 1968 782 2033 interioris
805 1967 940 2032 hominis
963 1968 1197 2032 constituamus.
1243 1969 1303 2051 ipsi

158 2073 390 2157 nosmetipsos
413 2074 613 2157 castigemus,
637 2073 696 2155 ipsi
719 2071 884 2137 nobiscnm
906 2072 1061 2136 rationem
1083 2072 1121 2136 de
1148 2073 1303 2137 cotidiana
1330 2096 1355 2137 re

157 2177 396 2243 conuersatione
422 2178 584 2242 faciamus.
631 2177 809 2258 alloquatur
831 2194 864 2240 se
891 2177 924 2239 in
947 2177 1074 2241 secretis
1097 2175 1198 2240 cordis
1225 2195 1302 2241 una-

157 2299 300 2364 quaeque
324 2282 430 2347 anima
445 2285 477 2345 et
498 2281 595 2346 dicat:
618 2280 792 2361 uideamus,
816 2281 844 2344 si
865 2281 948 2345 huuc
968 2281 1050 2345 diem
1073 2281 1141 2346 sine
1163 2284 1301 2364 peccato,

157 2386 226 2450 sine
255 2385 385 2466 inuidia,
416 2387 482 2450 sine
510 2383 751 2466 obtrectatione,
783 2385 851 2449 sine
879 2385 1125 2450 murmuratione
1152 2387 1301 2470 transegi,

157 2490 334 2572 uideamus,
362 2492 388 2555 si
411 2490 511 2572 hodie,
539 2490 622 2572 quod
645 2489 684 2554 ad
710 2490 885 2571 profectum
908 2491 1031 2555 animae
1058 2491 1202 2574 pertinet,
1230 2509 1302 2575 ope-

157 2599 247 2661 ratus
271 2614 351 2660 sum.
386 2599 472 2680 puto,
495 2595 578 2678 quod
592 2595 683 2659 hodie
706 2595 857 2659 mentitus
879 2613 961 2676 sum,
983 2614 1039 2678 per
1060 2594 1141 2659 iram
1163 2596 1213 2659 uel
1229 2613 1302 2660 con·
1328 2621 1354 2660 oo

207 2741 387 2810 lputridinis
405 2742 433 2796 A
503 2757 578 2794 curre
598 2739 742 2795 decimulat
760 2742 790 2796 D
858 2706 1041 2796 tremediirm
1059 2742 1086 2795 A
1156 2744 1254 2810 ppetuo
1274 2744 1303 2796 A

159 2827 299 2882 uolnerata
321 2829 357 2896 A,
380 2831 481 2882 tartaro
504 2828 575 2898 Aup.
653 2829 669 2884 3
692 2826 737 2896 qui
759 2828 788 2883 Β
858 2843 925 2895 quae
947 2827 1150 2882 cnm-horrere
1171 2829 1304 2897 possimm

158 2933 211 2971 oen.
225 2916 253 2968 A
300 2915 404 2970 suntD
450 2912 588 2968 uobiscum
601 2916 631 2970 D
683 2914 828 2983 geriturB
881 2929 952 2968 nunc
964 2914 1002 2969 sic
1014 2917 1070 2970 AB
1122 2916 1304 2984 dpaonitere·

159 3017 221 3054 mus
240 3002 321 3071 Aac,
338 3001 518 3070 panaterimus
536 3003 574 3069 D,
594 3005 751 3072 penetemur
768 3002 796 3057 Β
866 3003 882 3056 5
906 3000 1086 3071 penitebimus
1108 3003 1145 3070 D,
1167 3001 1303 3071 panetebi-

158 3130 223 3168 mur
240 3115 268 3169 B
345 3112 464 3168 feditatis
482 3115 510 3170 Β
579 3079 743 3169 confusionis
760 3116 789 3169 Β
852 3113 940 3170 diam
959 3132 1010 3170 obs
1029 3115 1056 3170 Β
1126 3117 1248 3169 torrere
1266 3115 1303 3182 D,

159 3192 266 3281 orrea
328 3243 465 3294 possemus
483 3228 565 3298 Aup,
583 3228 715 3296 possimus
736 3228 794 3282 BD
858 3242 874 3281 o
891 3227 915 3280 si
932 3226 1153 3295 iam-quantum
1171 3227 1304 3297 possimus

160 3312 204 3368 uel
223 3331 275 3369 cm.
289 3313 316 3368 Β
381 3329 452 3368 nunc
469 3331 600 3385 supersor.
613 3315 642 3369 A
705 3313 865 3384 peccatrices
882 3314 909 3367 A
977 3312 1101 3370 Slieerit
1117 3315 1146 3369 A
1208 3313 1304 3382 oculis]

159 3399 250 3454 cordis
274 3402 321 3454 eut
342 3401 405 3456 acc.
423 3402 451 3454 A
516 3402 635 3471 corpuris
658 3403 685 3456 A
754 3400 1004 3469 9permitterimur
1021 3402 1057 3469 A,
1075 3401 1259 3471 permittimur
1275 3402 1305 3455 D
1366 3439 1370 3449 .

159 3487 249 3541 licerit
266 3489 302 3554 A,
320 3486 467 3542 licueritD
520 3491 553 3544 10
572 3489 677 3557 quando
696 3489 725 3543 D
778 3491 852 3542 metu
869 3503 900 3541 ea
917 3505 950 3543 co:
967 3489 1110 3542 metuenda
1127 3490 1157 3543 D
1208 3503 1304 3556 urgue-

160 3590 253 3628 remur
271 3576 353 3644 Aup,
372 3575 538 3642 argelerimus
557 3576 592 3643 D,
612 3575 781 3644 urguerimus
799 3576 826 3629 A
890 3577 920 3630 ll
941 3577 1044 3643 tergere
1061 3577 1088 3630 A
1148 3578 1180 3631 12
1198 3574 1258 3628 ideo
1276 3578 1304 3629 A

161 3677 307 3730 possumus
325 3663 352 3716 A
406 3661 524 3732 corporis
542 3664 570 3716 A
624 3679 671 3716 noa
690 3680 741 3719 om.
754 3664 782 3716 A
837 3663 870 3716 13
887 3677 1030 3731 possumus
1047 3664 1074 3716 A
1136 3661 1303 3732 solempni,

160 3751 189 3801 et
207 3749 244 3814 D,
264 3765 314 3803 om.
328 3749 432 3818 AAap.
496 3749 574 3802 corde
593 3750 620 3803 B
682 3749 763 3818 nunc]
784 3749 964 3817 unusquisqne
983 3750 1114 3820 ABAup.
1169 3750 1303 3804 conscien-

161 3835 216 3888 ciae
235 3836 262 3890 A
327 3838 359 3890 14
378 3839 519 3905 conspectu
540 3837 594 3890 AB
648 3836 788 3890 interiores
806 3837 842 3903 Β,
860 3837 1000 3890 anterioris
1018 3839 1044 3890 A
1109 3835 1230 3890 homines
1248 3838 1303 3892 AB

161 3921 217 3990 ipse
237 3923 264 3976 B
329 3925 360 3977 15
379 3922 489 3976 nosmed
508 3923 535 3976 B
588 3925 669 3976 nosci
688 3926 715 3979 A
780 3925 811 3978 16
830 3921 990 3991 adloquatur
1008 3925 1035 3977 Β
1088 3923 1128 3992 se]
1147 3924 1175 3976 in
1193 3941 1220 3976 ee
1238 3925 1302 3977 cdd.

161 3995 518 4077 commutacionem
577 4010 663 4066 cordis
681 4029 731 4066 ont.
745 4014 782 4077 A,
801 4013 849 4078 sua
866 4011 930 4065 auc.
944 4012 974 4065 n
1033 4014 1063 4066 rr
1083 4010 1159 4079 opat
1178 4012 1205 4065 A
1263 4011 1303 4064 ut-

162 4095 274 4150 deamus
292 4094 316 4150 si
333 4095 405 4150 hunc
423 4095 494 4150 diem
513 4097 569 4150 sine
587 4116 637 4152 om.
651 4097 678 4152 B
731 4097 841 4152 hancA
895 4100 927 4154 18
945 4097 1138 4152 obtrectatione
1151 4099 1181 4152 D
1232 4113 1303 4151 mor-

162 4209 311 4262 moretione
324 4209 380 4263 AB
432 4212 464 4265 19
477 4209 649 4264 uidiamusB
701 4208 839 4265 hodiaeD
888 4167 983 4277 'gructa
1001 4211 1031 4265 D
1082 4211 1187 4264 animae
1204 4229 1254 4265 oen.
1274 4211 1304 4264 D

162 4295 280 4364 pertenit
296 4297 325 4351 Β
394 4299 428 4351 20
446 4299 511 4366 potu
529 4298 557 4352 B
626 4297 734 4350 hodiem
752 4298 781 4352 A
844 4297 965 4351 tentinus
982 4299 1010 4352 B
1073 4297 1114 4350 ira
1129 4298 1188 4364 (iri
1203 4298 1242 4365 Β)
1260 4297 1303 4350 uel

163 4383 378 4452 concupiscentia
395 4385 450 4439 AB
