3100 4892
244 427 304 495 180
559 468 561 471 -
677 426 727 484 111.
747 425 896 497 Epistula
916 431 938 482 3.

239 611 302 672 iam
325 626 374 671 res
398 607 456 690 dei,
480 606 535 670 sed
557 625 629 689 pars
653 606 701 669 dei
725 605 920 670 aestmranda
942 605 1089 686 iungitur.
1137 602 1217 682 uide,
1241 621 1303 684 qno
1327 599 1387 664 ad-

241 715 374 777 sertores
403 729 475 775 snos
498 710 592 773 ducat
614 710 670 775 alti
693 711 857 793 prolapsus
882 708 1003 774 erroris.
1050 706 1194 788 equidem
1218 704 1310 769 nobis
1335 722 1387 784 ea,

240 833 320 898 quae
351 833 445 897 snpra
474 833 531 878 nos
561 817 645 894 sunt,
675 813 846 878 inuisibilia
876 817 959 892 sunt,
996 811 1050 874 sed
1082 811 1187 875 omnia
1213 810 1269 889 illi,
1301 809 1389 873 sicut

240 919 531 1003 conprehensibilis,
554 919 599 982 ita
622 921 654 982 et
669 935 816 1000 corporea
832 921 915 996 sunt,
939 917 992 998 qui
1008 935 1044 979 ex
1060 915 1159 979 nihilo
1175 915 1250 978 fecit
1266 913 1388 992 omnia,

201 1051 214 1089 0
241 1043 320 1106 quae
344 1026 424 1088 sicut
445 1042 536 1105 opere
559 1023 707 1102 instituit,
730 1022 776 1086 ita
800 1027 831 1086 ct
854 1021 985 1085 materia
1008 1019 1217 1102 incorporauit
1239 1022 1272 1081 et
1288 1017 1389 1081 rebus

241 1129 398 1208 omnibm,
421 1129 503 1192 inter
525 1145 603 1210 quas
627 1129 658 1190 et
681 1127 787 1190 anima
802 1129 956 1205 censetur,
980 1125 1061 1188 sicut
1076 1123 1234 1188 distribuit
1248 1121 1390 1204 ponduS,

242 1251 408 1297 numerum
430 1231 538 1315 <atque
561 1229 765 1314 mensuram),
790 1232 834 1294 ila
857 1233 888 1293 et
911 1230 1015 1311 posuit
1037 1228 1256 1310 quantitatem.

285 1336 371 1400 Inter
394 1336 471 1399 baec
494 1337 521 1398 si
543 1337 632 1415 forte,
657 1337 692 1398 ut
714 1335 907 1413 dictumest,
932 1333 1140 1396 adserendum
1156 1331 1266 1414 aliquis
1284 1333 1391 1412 putet,

242 1440 324 1521 qnod
346 1441 400 1504 illa
426 1439 585 1523 angelicae
608 1439 781 1503 subtilitate
805 1442 934 1502 naturae
958 1437 1112 1518 quaedam
1135 1435 1278 1517 contagio
1303 1434 1392 1497 aeris

191 1575 215 1610 ιο
242 1544 334 1607 buius
365 1543 553 1607 admixtione
583 1543 713 1607 collecta
746 1541 883 1606 flammis
918 1542 1094 1605 inuenietur·
1128 1539 1274 1618 obnoxia,
1312 1557 1393 1620 crgo

243 1647 275 1710 iu
306 1665 377 1710 aere
403 1647 478 1726 solo,
509 1651 602 1729 prout
624 1647 677 1726 ait,
709 1647 737 1709 si
760 1663 886 1710 aereum
910 1649 967 1724 est,
999 1645 1080 1726 quod
1103 1642 1233 1720 ardebit,
1265 1659 1329 1706 non
1358 1643 1393 1704 in

243 1752 306 1830 illo,
337 1752 392 1814 sed
415 1757 502 1814 entra
531 1752 620 1814 illum
652 1769 751 1832 poena
782 1750 947 1814 desaeuiel.
987 1748 1040 1812 sed
1065 1748 1181 1829 absque
1204 1745 1298 1810 dubio
1324 1763 1394 1810 non

242 1856 327 1919 aliud
358 1862 405 1919 est
434 1874 529 1937 quam
560 1854 737 1918 substantia
767 1854 913 1938 emporia,
945 1853 997 1916 nbi
1020 1852 1172 1916 dominari
1196 1851 1315 1934 poterit
1341 1852 1395 1914 uis

243 1960 367 2024 doloris.
407 1961 487 2039 uide,
510 1977 571 2041 qno
588 1959 696 2023 tendat
713 1959 882 2040 inprudens
899 1963 930 2022 et
947 1958 1082 2039 inperita
1097 1955 1269 2037 persuasio,
1293 1973 1395 2036 quae,

193 2093 217 2131 ra
243 2065 459 2147 incorporeum
482 2082 553 2127 cum
576 2065 721 2147 loquitur,
745 2064 840 2128 etiam
861 2061 1197 2144 inconprehensibilem
1220 2058 1398 2122 confitetur

244 2191 280 2234 ac
303 2171 348 2234 sic
371 2171 494 2235 condito
516 2171 666 2235 adscribit
688 2173 782 2254 operi,
810 2170 891 2252 quod
915 2170 972 2234 soli
996 2168 1134 2250 conpetit
1157 2166 1321 2246 conditori,
1357 2185 1397 2229 ac

243 2276 336 2338 rebus
368 2276 479 2339 creatis
509 2276 720 2338 communicat
748 2275 911 2357 priuilegia
943 2273 1115 2340 maiestatis
1146 2276 1178 2336 et
1208 2270 1395 2335 indebitam

243 2381 382 2444 facturae
405 2380 577 2461 potentiam
599 2398 697 2461 usque
720 2379 759 2442 ad
776 2379 900 2442 factoris
917 2379 1054 2442 extendit
1070 2377 1224 2441 iniuriam.
1261 2375 1397 2439 sibene

244 2484 450 2565 requiramus,
482 2484 522 2547 ad
551 2501 628 2565 quos
660 2502 765 2547 rerum
790 2483 890 2547 exitus
913 2482 1053 2546 animum
1078 2481 1203 2560 referas,
1233 2478 1314 2542 haec
1341 2482 1398 2545 nel

194 2614 221 2652 00
247 2589 381 2652 maxime
411 2586 570 2651 diabolum
600 2588 766 2651 credulitas
798 2607 833 2650 ex
861 2587 914 2650 illa
936 2585 1047 2650 beatae
1070 2585 1152 2648 sedis
1175 2584 1310 2647 statione
1338 2586 1399 2648 de-

247 2693 347 2757 uoluit
377 2696 408 2756 ab
437 2696 562 2775 propter·
590 2691 650 2755 hoc
673 2692 776 2774 angeli
798 2691 933 2773 perdidit
955 2691 1150 2772 dignitatem,
1181 2689 1255 2752 dum
1280 2707 1316 2751 se
1345 2689 1400 2753 dei

246 2797 421 2880 praesumit
442 2796 558 2860 babere
581 2800 736 2859 naturam.

291 2901 380 2965 Unus
412 2919 484 2984 ergo
515 2901 591 2964 deus
620 2901 829 2983 incorporem,
859 2900 933 2981 quia
963 2903 993 2962 et
1020 2895 1337 2981 inconprehensibilis
1365 2903 1400 2963 et

247 3005 361 3087 ubique
387 3005 529 3084 diffusus,
561 3025 596 3068 ex
627 3005 743 3069 nullius
774 3005 859 3068 enim
882 3005 1020 3068 facturae
1043 3020 1207 3085 corporeae
1229 3001 1402 3089 (materia)

350 3135 367 3188 4
390 3133 436 3201 qui
457 3134 720 3201 ex-quantitntem
742 3135 821 3201 affert
847 3133 943 3188 Oloud.
964 3131 1401 3201 Mam.113(p.105,161o.).

293 3250 305 3303 1
326 3246 501 3316 aestimanda]
521 3245 569 3299 deo
587 3247 650 3302 add.
668 3247 820 3302 Mommsen
889 3247 905 3300 2
927 3245 1067 3314 prolapsus
1088 3244 1186 3300 Claud.
1206 3245 1292 3298 Μαηι.
1313 3246 1359 3300 Π
1374 3252 1402 3314 3,

247 3349 295 3402 pro
312 3333 400 3402 lapsos
420 3334 450 3402 S,
466 3349 514 3403 per
531 3333 655 3402 lapsuso
707 3334 845 3389 erroresS
895 3331 1018 3401 equidem
1029 3351 1053 3399 o,
1072 3331 1223 3399 quidcmS
1273 3331 1366 3387 31110
1386 3354 1404 3391 0

248 3425 264 3474 5
277 3435 327 3488 que
342 3421 365 3476 S
414 3421 594 3489 incorporauit
610 3420 706 3475 0100ιᾶ.
720 3420 806 3474 Mum.
821 3420 837 3474 1.
852 3421 881 3488 1.,
898 3419 1049 3488 corporauit
1063 3420 1086 3474 S
1135 3421 1150 3473 7
1170 3421 1198 3472 et
1215 3424 1278 3472 autc
1297 3433 1403 3474 nurne-

248 3523 308 3559 rum
321 3508 384 3561 add.
397 3525 413 3562 0
464 3511 544 3576 atque
557 3523 709 3561 mensuram
722 3507 821 3562 addidi
833 3524 866 3562 ec
881 3505 979 3562 Claud.
993 3507 1079 3561 Maru
1092 3507 1109 3561 l.
1122 3523 1153 3573 0.,
1165 3523 1216 3561 om.
1232 3506 1254 3560 S
1307 3520 1403 3573 quan·

248 3595 356 3646 citatem
371 3592 467 3649 Claud.
481 3596 566 3650 Mam.
584 3597 600 3649 1.
613 3613 644 3662 0.,
663 3593 842 3662 qualitatesS
892 3593 1017 3649 ShaeS
1069 3591 1272 3648 osubtditase
1331 3609 1404 3663 que-

250 3679 312 3732 dam
332 3682 361 3749 S,
379 3681 527 3749 0001000
574 3681 764 3748 contagiones
819 3684 850 3736 10
869 3681 1056 3735 inueniaturo
1119 3683 1148 3735 ll
1168 3679 1195 3732 in
1214 3693 1273 3732 acre
1292 3679 1357 3734 solo
1378 3702 1405 3752 o,

245 3784 299 3836 pro
318 3783 376 3820 aare
394 3769 503 3822 00·ἀοον
515 3767 559 3820 (110
571 3775 676 3824 emtore
694 3769 724 3822 10
736 3768 766 3835 S,
785 3767 813 3821 10
826 3766 932 3821 diabolo
945 3769 1099 3822 chscbtaa
1153 3769 1184 3822 12
1197 3769 1269 3819 entra
1282 3785 1306 3835 0,
1328 3784 1364 3821 ex
1379 3771 1405 3826 S

250 3853 384 3907 desaeuiet
405 3855 556 3923 Hartcliuo,
579 3854 683 3907 desatui
704 3854 727 3907 ab
751 3856 780 3922 S,
804 3854 952 3908 desaeuiret
973 3872 989 3909 c
1043 3855 1075 3908 14
1094 3869 1159 3921 quae
1177 3854 1284 3922 nosipsi,
1304 3855 1358 3921 qui
1382 3859 1407 3912 S

252 3944 284 3995 15
306 3940 491 4009 incorporeum
513 3957 574 3994 cum
592 3943 699 4010 scripsi,
725 3942 862 4010 incorpore
889 3957 950 3994 cum
977 3943 1005 4009 S,
1028 3941 1212 4008 incorporeum
1234 3953 1295 3992 eum
1315 3941 1405 3996 Kra-

249 4029 340 4083 scbiaa
357 4030 389 4081 iu
405 4029 496 4083 indice
506 4047 526 4083 0.
539 4047 567 4082 u.
580 4027 660 4096 loqui,
679 4027 864 4096 incorporeum
883 4047 899 4084 v
953 4031 985 4083 17
998 4027 1197 4081 communicant
1211 4027 1233 4081 S
1289 4029 1325 4083 18
1341 4029 1405 4084 fac-

250 4118 326 4168 turae
347 4117 453 4185 scripsi,
478 4115 584 4168 suturae
607 4117 637 4183 S,
659 4118 834 4170 creaturaeo
903 4117 937 4170 20
959 4115 1138 4170 maximaeS
1209 4112 1363 4171 erudelitas
1388 4137 1406 4173 v

250 4203 284 4256 22
302 4199 399 4255 babere
416 4220 552 4271 0000αο00.
573 4203 605 4258 S¹
676 4204 710 4257 24
733 4217 841 4271 corpore
864 4221 880 4256 u
950 4201 1061 4256 materia
1083 4198 1220 4255 materiale
1238 4200 1405 4272 Heraclius,

251 4287 388 4341 materiale
406 4290 470 4357 MS,
493 4308 531 4344 au
549 4289 661 4342 materia
678 4287 723 4341 ille
740 4289 933 4345 scribendum?
951 4304 1059 4358 corpore
1077 4287 1213 4341 materiale
1233 4288 1405 4362 Momm-sm,

252 4390 278 4425 re
299 4377 432 4428 materiale
446 4378 600 4432 Krasebiua
618 4377 659 4442 (iu
677 4377 853 4430 esueuduudis
870 4395 896 4444 p.
911 4376 1074 4443 LXXVII)
