3100 4892
263 441 327 506 316
703 438 768 494 1111.
788 439 898 492 Sermo
917 441 958 494 23.

306 617 452 698 Ideoque,
475 615 587 679 iratres
610 615 774 696 carissimi,
799 631 877 695 quae
901 614 940 678 ad
962 612 1210 678 aedificationem
1236 613 1401 696 pertinent,

264 739 300 786 ea
323 720 355 785 in
379 720 479 784 medio
502 719 595 803 positi
621 738 713 803 egere
744 718 938 798 studeamus,
969 737 1008 782 ne
1038 717 1106 782 uite
1135 720 1243 782 nostra
1273 717 1401 783 aliorum

263 823 433 889 uirtutibus
464 827 575 888 noceat
602 827 633 888 et
655 842 694 887 ue
718 823 851 888 aliorum
873 823 1029 888 feruorem
1051 827 1140 906 tepor
1162 825 1269 886 noster
1298 821 1402 886 debili-

262 933 307 994 tet
330 932 363 993 et
385 949 424 993 ne
447 928 580 992 eliorum
603 928 788 1010 patientiam
811 931 919 992 nostre
940 926 1101 993 iracundie
1127 927 1234 1007 uiolet,
1262 945 1303 992 ne
1330 925 1402 991 ulie

224 1061 237 1100 s
263 1053 334 1098 rum
356 1032 566 1098 humilitatem
590 1031 738 1114 superbia
759 1036 868 1097 nostra
882 1032 1042 1116 deprauet,
1065 1050 1105 1096 ne
1120 1033 1251 1096 alierum
1267 1031 1402 1114 pulchri·

262 1138 402 1203 tudinem
430 1136 560 1202 ioeditos
589 1141 697 1202 nostru
723 1136 926 1217 contaminet,
955 1155 994 1200 ne
1021 1135 1153 1200 uliomm
1180 1135 1330 1200 ardentes
1352 1155 1399 1200 ex-

251 1243 462 1326 stinguamus
493 1242 665 1324 lampades,
700 1241 727 1306 si
762 1245 885 1306 nostras
918 1240 1096 1305 illuminare
1129 1258 1192 1306 uon
1225 1258 1401 1323 possumus.

263 1351 295 1411 et
318 1346 444 1429 quidem
467 1345 539 1410 illae
562 1345 666 1410 fatuae
690 1346 839 1430 uirgines,
862 1345 1036 1428 quamlibet
1058 1345 1175 1410 stultae
1197 1348 1316 1425 essent,
1343 1363 1401 1409 non

263 1455 328 1516 tem
352 1451 471 1515 alienas
495 1449 692 1533 exstinguere
714 1450 877 1534 lampades
900 1467 994 1533 quom
1019 1467 1093 1514 suas
1107 1449 1286 1514 illuminare
1301 1449 1401 1532 copie

212 1584 237 1623 10
263 1556 348 1621 bant.
381 1559 412 1620 et
433 1555 503 1620 ideo
525 1555 566 1619 sd
587 1555 720 1620 istarum
743 1555 993 1638 similitudinem,
1023 1555 1051 1619 si
1078 1555 1128 1618 cui
1150 1557 1296 1619 nostrum
1319 1554 1402 1620 deest

262 1659 470 1744 pinguissima
499 1659 601 1745 gratia
634 1659 821 1725 humilitatis
855 1662 887 1724 et
915 1659 942 1724 si
972 1659 1062 1724 deest
1090 1659 1173 1742 iguis
1205 1657 1280 1724 fidei
1315 1662 1348 1724 et
1377 1659 1402 1723 si

262 1763 391 1829 flamma
414 1763 546 1829 feruoris
569 1767 601 1828 et
623 1764 649 1828 si
672 1765 777 1828 oleum
800 1764 939 1828 caritatis
962 1767 995 1828 et
1015 1763 1043 1828 si
1064 1762 1172 1828 lumen
1196 1763 1401 1844 discretionis,

262 1870 371 1935 ueniat
394 1869 433 1934 ad
457 1887 519 1951 eos,
551 1888 628 1952 quos
655 1870 757 1953 magis
785 1867 945 1934 abundare
973 1869 1178 1951 perspexerit,
1208 1871 1241 1932 et
1270 1869 1400 1952 gratim

263 1975 295 2039 in
319 1994 353 2039 se
377 1993 395 2039 e
417 1974 565 2058 proximis
588 1991 651 2038 non
674 1973 855 2055 auferendo,
885 1973 941 2038 sed
967 1973 1117 2038 imitando
1146 1973 1349 2038 transfundet
1372 1975 1402 2037 et

212 2105 236 2145 u
264 2079 347 2145 bona
374 2079 581 2163 possessionis
611 2078 732 2144 eliense
764 2095 826 2143 uon
849 2079 951 2144 solum
975 2078 1042 2143 sine
1065 2077 1191 2158 damno,
1222 2078 1278 2143 sed
1309 2078 1399 2143 etium

264 2203 336 2249 curn
352 2185 438 2248 lucro
453 2184 660 2268 possessionis
676 2183 814 2247 inuadat.
853 2201 1028 2266 numquam
1050 2184 1134 2247 enim
1158 2183 1255 2247 sentit
1275 2183 1400 2248 luminis

262 2290 414 2353 damnum
436 2288 590 2371 plurimus
612 2288 695 2371 ignis
718 2305 867 2352 accensus
891 2307 949 2353 nec
971 2288 1085 2352 minuit
1107 2287 1181 2352 solis
1203 2289 1309 2353 lucem
1331 2305 1400 2352 cen-
1509 2272 1510 2309 ³

263 2392 467 2458 siderantium
502 2393 679 2457 multitudo.
726 2392 835 2474 quanti
870 2392 907 2457 ad
939 2410 1012 2456 eum
1045 2393 1274 2475 perspexerint,
1307 2393 1399 2457 tantis

262 2516 394 2563 munera
427 2516 485 2561 sue
517 2497 695 2562 commodat
729 2501 760 2561 et
793 2497 860 2581 ipse
893 2500 1001 2562 temen
1031 2516 1155 2580 semper
1184 2499 1307 2583 integer
1335 2517 1400 2582 per·

211 2629 237 2670 ro
263 2604 394 2667 seuerat.

306 2705 476 2771 Benedicta
498 2724 518 2770 e
540 2706 597 2770 deo
619 2706 673 2770 illa
695 2706 801 2770 anima
823 2709 882 2787 est,
905 2706 993 2772 cuius
1009 2705 1171 2772 humilitas
1187 2707 1315 2772 ulterius
1329 2723 1399 2770 eon-
1508 2740 1509 2759 r

262 2811 366 2875 fundit
382 2812 571 2894 superbiam,
595 2811 682 2874 cuius
698 2811 851 2894 patientia
865 2811 998 2894 proximi
1014 2811 1184 2895 exstinguit
1200 2811 1398 2890 iracundiam,

262 2916 349 2980 cuius
372 2914 567 2980 oboedientia
589 2913 750 2998 pigritiem
767 2915 895 2980 alterius
911 2916 1005 2980 tacite
1019 2916 1169 2998 increpat,
1194 2916 1284 2980 cuius
1299 2916 1399 2980 feruor

262 3019 407 3084 inertiam
439 3019 532 3083 alieni
563 3020 678 3103 teporis
710 3020 895 3101 exsuscitat,
928 3020 983 3102 qui
1011 3021 1144 3103 proximi
1173 3021 1224 3084 sui
1252 3039 1327 3103 prae
1354 3020 1399 3083 ira

211 3151 236 3193 rs
263 3123 425 3188 turbatum
447 3125 572 3188 oculum
596 3125 696 3190 cordis
712 3125 815 3208 gratia
829 3123 1050 3191 consolationis
1070 3128 1165 3208 etque
1180 3123 1398 3190 aedificationis
1507 3132 1508 3147 ³

261 3228 427 3293 illuminat.
467 3230 578 3294 melius
609 3232 659 3293 est
686 3228 760 3293 huic
788 3248 881 3312 quum
912 3231 969 3311 illi,
999 3230 1052 3312 qui
1081 3231 1211 3295 fratrem
1238 3229 1397 3314 paululum
1507 3216 1508 3231 ¹

262 3331 301 3396 ab
329 3333 432 3414 aliquo
460 3333 680 3398 contristatum
704 3337 897 3398 nontamen
920 3333 1036 3399 solacio
1059 3337 1280 3418 suopoxrecta
1306 3351 1397 3398 manu

261 3455 324 3502 non
348 3435 502 3519 subleuat,
527 3438 581 3503 sed
605 3437 794 3503 titubantem
817 3439 900 3503 sicut
920 3439 1073 3522 parietem
1095 3438 1282 3503 inclinatum
1304 3438 1397 3502 mele-

261 3541 438 3623 loquiorum
460 3542 599 3626 impulsu
622 3541 752 3608 adiuuat
775 3543 961 3609 adruinum
984 3547 1015 3608 et
1041 3543 1209 3608 salubriter
1230 3561 1286 3627 pro
1308 3541 1398 3607 disci-
1506 3618 1507 3623 ἵ

209 3673 236 3714 eo
261 3645 366 3730 plinac
395 3647 516 3712 ratione
546 3650 719 3713 correctum
748 3666 804 3731 per
834 3647 962 3713 sinistra
988 3647 1119 3714 consilia
1145 3648 1191 3714 sic
1219 3648 1334 3728 incitat,
1362 3648 1397 3710 ut

262 3750 380 3833 allidet,
404 3753 449 3817 sio
472 3755 583 3834 armat,
606 3755 643 3816 ut
664 3753 809 3834 perimet.
1351 3743 1359 3748 ’

304 3957 443 4014 euram
512 3959 781 4026 retranseo
850 3961 1012 4016 sesnes
1083 3944 1399 4030 assumpsimus
1505 3948 1506 3953 '

260 4047 386 4102 9tamen
408 4045 445 4101 Oe
498 4045 588 4114 quem]
609 4045 655 4099 sed
675 4045 714 4102 Oe
769 4045 1279 4116 llddei]aocatametlersequceters
1294 4043 1396 4102 oss.0o

262 4134 295 4188 13
306 4132 497 4202 prospexeritis
549 4134 668 4189 etom.v
721 4135 753 4188 16
765 4133 923 4202 possessoris
940 4133 978 4189 Ge
1032 4137 1064 4190 17
1077 4133 1202 4203 plurimis
1218 4135 1256 4190 Ge
1305 4129 1395 4188 urm·

260 4219 408 4273 enimaest
426 4218 507 4272 adeo
530 4219 568 4275 Oe
637 4221 670 4275 22
688 4219 813 4289 proximi]
833 4219 943 4274 ulterius
964 4220 1002 4277 (lo
1070 4223 1105 4276 23
1122 4221 1204 4275 tacite
1221 4239 1272 4276 om.
1285 4221 1319 4289 B,
1334 4223 1394 4274 ovete

260 4305 369 4360 ulterius
387 4311 473 4362 astat
490 4307 522 4361 tu
543 4305 581 4362 Oe
650 4306 725 4360 cuius
743 4305 1020 4362 feruor—exsuscitat
1040 4308 1105 4363 odd.
1122 4308 1150 4362 B
1167 4309 1199 4364 in
1216 4324 1300 4378 aurp.
1315 4305 1393 4376 istu.

259 4393 295 4450 28
312 4407 366 4448 non
384 4409 434 4452 om.
448 4394 475 4449 B
529 4392 587 4466 sed]
606 4396 634 4448 et
650 4393 755 4452 auat
808 4397 842 4451 80
860 4398 966 4469 etpost
984 4394 1079 4452 eudes
1095 4395 1202 4455 cedd
