3100 4892
230 420 272 483 92
691 418 712 472 1.
731 419 775 472 De
794 420 901 488 gratia

229 618 312 663 ecce
343 599 509 681 agricola
539 601 709 681 expectat
738 598 945 679 pretiosum
972 602 1095 662 terrae
1119 598 1298 676 fructum,
1330 600 1368 661 ut

228 704 387 785 recipiat
411 702 657 783 temporinam
681 705 717 765 et
739 701 955 765 serotinum.
992 702 1065 783 quid
1086 705 1134 767 est
1148 702 1368 783 temporinam,

228 808 301 890 quid
317 808 510 871 serotinum?
542 807 706 887 temporiui
722 806 843 870 fructus
859 809 945 887 sunt,
969 823 1045 887 quos
1063 806 1222 889 stipendiis
1240 807 1367 871 militiae

227 914 399 995 praesentis
422 912 624 993 adquirimus.
669 912 798 975 serotini
821 914 904 993 sunt,
928 929 1005 993 quos
1028 916 1099 994 post
1122 913 1285 976 emeritam
1306 932 1369 977 ser·

188 1045 200 1083 s
227 1018 361 1081 nitutem
384 1017 417 1081 in
440 1016 521 1081 illius
545 1017 661 1080 saeculi
683 1016 887 1081 retributione
910 1017 1079 1098 capiemus.
1115 1017 1280 1099 temporiui
1296 1022 1369 1082 sunt

226 1122 305 1185 fides
328 1125 422 1203 atque
443 1122 604 1186 sinceritas
620 1122 732 1201 cordis,
754 1121 976 1201 beniuolentia,
999 1122 1134 1202 corporis
1151 1123 1367 1203 temperantia,

227 1229 427 1309 contemptus
457 1227 542 1306 mali,
574 1226 729 1309 appetitus
756 1225 843 1306 boni,
874 1225 1083 1307 tranquillitas
1107 1225 1367 1307 mansuetudinis

226 1332 347 1414 puritas
379 1331 539 1394 castitatis.
585 1330 714 1395 serotini
743 1330 865 1395 fructus
898 1334 971 1395 sunt
1001 1331 1166 1413 adquisitio
1193 1350 1299 1395 rerum
1322 1332 1368 1397 in-

227 1436 420 1515 mortalium,
455 1434 611 1499 hereditas
647 1434 842 1516 caelestium,
876 1437 1048 1518 proprietas
1085 1440 1296 1517 aeternorum,
1331 1436 1368 1501 de

177 1568 201 1607 1⁰
228 1539 342 1621 quibus
365 1539 492 1603 dicitur:
523 1558 589 1604 neo
620 1540 745 1604 oculos
776 1540 872 1605 uidit
902 1558 968 1604 uec
998 1543 1097 1605 auris
1130 1540 1276 1604 audiuit
1304 1559 1368 1605 nec

227 1644 267 1708 in
297 1661 357 1708 cor
387 1644 547 1708 hominis
578 1645 762 1725 ascendit,
793 1664 886 1727 quae
915 1644 1158 1729 praeparauit
1184 1645 1272 1709 deus
1296 1645 1367 1725 his,

227 1750 289 1830 qui
319 1748 486 1831 diligunt
515 1749 632 1813 illum.
679 1749 716 1812 de
747 1750 860 1831 quibus
890 1768 945 1833 per
976 1750 1133 1833 apostolos
1162 1752 1193 1813 et
1216 1754 1368 1832 martyres

227 1854 352 1917 dicitur:
384 1871 455 1917 non
486 1857 573 1917 sunt
605 1854 811 1937 condignae
838 1856 1033 1937 passiones
1057 1854 1167 1919 huius
1190 1856 1368 1937 temporis

228 1957 270 2021 ad
297 1958 462 2022 futuram
485 1959 659 2042 gloriam,
690 1977 783 2041 quae
805 1959 1042 2024 reuelabitnr
1065 1960 1102 2023 in
1125 1959 1241 2023 nobis
1289 1963 1369 2023 tenr-

178 2088 201 2127 15
228 2064 327 2145 porini
358 2064 463 2144 itaque
493 2063 614 2127 fructus
645 2065 678 2128 in
708 2063 876 2128 uirtutibus
903 2068 988 2145 sunt,
1019 2065 1147 2129 serotini
1169 2065 1201 2129 in
1223 2083 1369 2129 remune-

227 2167 345 2232 ratione
375 2167 537 2232 uirtutnm.
585 2170 751 2251 temporiui
784 2172 867 2249 suut,
899 2187 976 2251 quos
999 2169 1048 2233 hic
1071 2186 1164 2252 opera
1186 2170 1314 2253 capiunt
1336 2170 1369 2234 in

227 2272 410 2354 praeceptis,
443 2274 581 2353 serotini,
613 2290 690 2355 quos
717 2273 781 2337 illic
809 2276 884 2337 uota
906 2276 1134 2355 consequentur
1156 2274 1189 2337 iu
1211 2274 1367 2357 praemiis.

271 2376 431 2456 Quantum
455 2394 528 2460 ergo
552 2377 723 2441 delectetur
746 2378 833 2457 dena,
866 2378 893 2441 si
916 2378 1081 2442 fecerimus
1106 2396 1240 2458 murum,
1268 2378 1370 2443 idest

227 2481 454 2545 ualidissimum
486 2485 594 2545 contra
624 2482 778 2545 offensam
810 2483 859 2547 dei
889 2483 1126 2565 supplicationis
1160 2482 1369 2563 obstaculum,

175 2612 202 2651 ro
228 2586 307 2649 sicut
322 2585 472 2664 fecitillc,
498 2585 535 2649 de
551 2603 611 2667 quo
627 2586 776 2669 legimus:
800 2588 1017 2668 properauit
1039 2586 1137 2651 anim
1160 2585 1266 2653 homo
1290 2589 1369 2653 sine

227 2689 396 2771 querella
432 2689 626 2773 deprecari
663 2708 727 2773 pro
763 2691 899 2774 populo
936 2690 1132 2774 proferens
1170 2692 1368 2757 seruitutis

228 2812 315 2857 suae
335 2798 498 2874 scutum,
518 2795 665 2859 restitit
679 2797 755 2859 irae
772 2798 808 2859 et
823 2795 937 2860 finem
953 2796 1121 2879 inposuit
1135 2797 1368 2861 necessitati.

228 2898 289 2979 qui
319 2901 453 2978 staret,
484 2899 595 2980 inquit,
626 2901 822 2982 oppositus
849 2903 982 2965 contra
1004 2920 1060 2965 me
1082 2904 1295 2984 propterea,
1326 2921 1368 2966 ne

228 3003 481 3085 disperderem
504 3022 592 3068 eam.
628 3005 682 3086 qui
705 3006 850 3085 ostendit,
874 3006 1028 3087 quomodo
1052 3007 1117 3071 eius
1133 3006 1180 3069 ira
1196 3010 1368 3088 superetur,

176 3134 202 3174 2⁵
228 3107 363 3189 quodam
385 3107 477 3172 modo
500 3108 642 3190 placatus
666 3110 819 3174 irascitur.
859 3110 939 3173 inter
961 3110 1039 3175 haec
1062 3110 1249 3192 quicumque
1272 3129 1291 3175 a
1313 3129 1368 3193 po-

227 3213 403 3276 tentissimo
434 3230 470 3276 ao
500 3212 673 3277 iustissimo
704 3214 862 3278 conditore
892 3216 937 3279 ita
958 3214 1078 3279 factum
1101 3214 1261 3279 hominem
1285 3215 1367 3295 dicit,

227 3319 264 3380 ut
296 3334 377 3380 nnus
411 3317 444 3380 in
478 3318 636 3382 sinistram
671 3318 737 3382 sine
772 3320 895 3402 proprio
927 3320 1057 3384 crimine
1088 3320 1213 3402 inpulsu
1245 3322 1367 3385 tantum

227 3421 453 3503 praescientiae
483 3420 660 3504 deputetur,
691 3423 769 3486 alter
800 3422 832 3487 in
863 3423 1023 3488 dexteram
1045 3424 1226 3489 indiscussis
1250 3424 1366 3488 meritis

228 3524 420 3606 adtrahatur,
449 3525 508 3589 hoo
538 3529 645 3609 aperte
672 3544 812 3591 asserere
839 3528 1082 3611 deprehenditur
1104 3528 1295 3593 inordinatas
1318 3527 1367 3592 uel

176 3656 201 3695 so
227 3629 348 3711 iniquas
371 3648 439 3693 esse
463 3630 680 3713 dispositiones
704 3635 736 3695 et
758 3631 885 3697 factoris
910 3637 940 3696 et
963 3633 1083 3697 iudicis.

333 3793 359 3861 1]
378 3791 430 3846 Iac.
444 3796 468 3855 5,
483 3795 506 3846 7.
562 3793 606 3862 10]
627 3792 715 3849 lCor.
728 3797 753 3859 2,
766 3798 790 3851 9.
846 3795 890 3865 13]
910 3794 1023 3860 Rom8,
1038 3798 1077 3853 18.
1131 3796 1178 3866 20]
1197 3796 1257 3866 Sap.
1273 3798 1313 3861 18,
1326 3798 1366 3852 21.

227 3878 272 3949 23]
292 3878 383 3933 Erech.
397 3882 438 3944 22,
452 3881 493 3935 30.

271 4027 438 4097 rpraetioso
455 4028 483 4081 P
533 4028 714 4083 2seretinum
731 4030 758 4083 P
810 4030 967 4083 lmeritam
988 4031 1015 4084 P
1066 4028 1188 4085 5saculi
1207 4031 1235 4085 P
1287 4030 1366 4085 fiad·

228 4130 295 4182 quaa
313 4115 340 4168 P
392 4117 575 4168 leontemtus
594 4116 622 4169 P
673 4116 821 4184 appetitum
840 4117 868 4170 P
921 4118 952 4172 13
972 4116 1101 4185 condigne
1120 4118 1147 4171 P
1197 4117 1369 4186 passianisP

230 4204 261 4257 15
280 4201 386 4269 itaquae
406 4203 432 4255 P
496 4203 529 4257 18
547 4203 569 4255 si
589 4202 729 4255 fecerimus
747 4205 855 4273 scripsi,
873 4204 929 4257 siue
948 4205 981 4271 P,
1001 4204 1092 4259 fieriu
1162 4207 1194 4259 21
1214 4205 1326 4272 querilla
1344 4206 1370 4259 P

229 4287 379 4355 depraecari
392 4288 419 4341 P
461 4291 495 4343 al
508 4293 672 4357 separatura
716 4293 749 4344 25
762 4290 938 4358 quicumquae
951 4292 978 4345 P
1029 4294 1063 4345 26
1081 4308 1111 4344 ac
1129 4290 1277 4345 iustissima
1290 4292 1367 4346 Plris

228 4376 261 4428 29
280 4371 503 4441 depraehenditur
521 4376 548 4428 P
599 4378 633 4430 30
651 4374 765 4429 factores
784 4378 821 4431 P¹
