3100 4892
221 429 306 482 XLVI
665 429 910 498 Prolegomena.

221 623 316 687 quare
338 606 371 668 in
394 607 532 669 extrema
555 606 694 688 opusculi
710 604 870 669 Faustiani
893 609 981 687 parte
1004 605 1194 668 recensenda
1208 605 1359 668 codiciSP

222 709 438 773 auctoritatem
462 727 630 791 sequamur
645 712 776 791 oportet,
800 709 853 790 qui
872 709 953 772 inter
968 709 1096 773 alterius
1112 709 1248 773 familiae
1264 709 1360 772 inter-

220 815 343 897 polatae
366 813 486 878 codIces
513 814 686 896 principem
714 812 835 876 obtinet
862 814 964 877 locum
992 816 1023 876 et
1044 816 1203 877 uetustate
1225 814 1360 895 reliquos

221 921 356 1001 superat.
395 919 444 981 eui
468 917 643 982 addidimus
667 917 805 981 codicem
828 917 856 980 R
878 918 1006 999 eiusque
1029 918 1177 981 lectiones
1201 917 1359 981 uariantes

221 1021 293 1087 inde
309 1040 372 1105 ap.
388 1021 460 1103 143,
475 1020 514 1084 13
538 1022 619 1086 notis
635 1021 748 1086 criticis
772 1021 915 1085 editionis
939 1025 1062 1085 nostrae
1084 1021 1284 1101 inseruimus,
1307 1021 1360 1102 qui

220 1129 327 1190 tamen
350 1127 446 1190 etiam
470 1127 570 1209 magis
592 1126 796 1208 interpolatus
826 1128 873 1189 est
895 1125 959 1204 illo,
987 1125 1026 1189 cl.
1046 1145 1076 1208 p.
1096 1123 1167 1205 101,
1183 1124 1233 1205 15,
1257 1124 1311 1189 ubi
1334 1125 1360 1188 P

217 1227 434 1313 perfectorem
457 1228 536 1312 (esee
563 1228 796 1290 charismatum
824 1227 1027 1314 terpitorem)
1056 1247 1112 1311 pro
1138 1227 1361 1313 perfectoram

222 1334 355 1413 exhibet,
378 1334 407 1397 R
425 1323 617 1417 perfectam,
641 1333 722 1415 quod
746 1353 783 1398 ex
799 1351 874 1397 uoce
892 1331 1109 1417 perfectorem
1128 1335 1207 1398 falso
1223 1337 1361 1397 00110010

222 1441 332 1502 natum
355 1457 424 1502 esse
447 1457 539 1502 nemo
558 1456 619 1526 non
635 1438 730 1518 uidet,
753 1438 805 1502 uel
824 1435 895 1517 102,
907 1436 960 1517 20,
984 1438 1037 1501 ubi
1056 1455 1111 1521 pro
1127 1459 1166 1499 ac
1179 1436 1361 1500 macedomi

222 1543 249 1606 R
272 1551 301 1604 et
323 1540 451 1603 racemi
473 1541 612 1625 praebet.

265 1645 371 1710 Fausti
395 1646 432 1709 de
456 1646 567 1728 spiritu
587 1650 695 1710 sancto
718 1646 790 1710 libri
812 1664 911 1727 usque
935 1647 1034 1710 adhuc
1050 1646 1211 1710 Paschasii
1234 1646 1360 1710 nomine

222 1750 296 1813 editi
319 1753 451 1814 exstant.
491 1752 583 1831 atque
614 1750 728 1814 editio
756 1751 932 1832 princeps
955 1751 1069 1832 prodiit
1092 1750 1237 1815 Coloniae
1262 1748 1359 1812 1539:

222 1853 371 1916 Pascaoii
399 1853 530 1915 diaconi
553 1853 694 1916 Rormani
719 1851 800 1914 libri
815 1853 855 1914 II
877 1853 915 1915 de
942 1853 1068 1939 spirita
1094 1863 1214 1930 cancta,
1241 1851 1360 1937 quibas

222 1955 408 2043 asymboli
431 1958 598 2020 enarratio
621 1957 815 2033 coatiaetar,
838 1957 1000 2020 aduersas
1021 1978 1146 2020 errores
1163 1955 1359 2019 Macedonia

227 2061 317 2146 Opas
344 2071 568 2147 peraelastam
601 2083 638 2124 ac
668 2059 769 2123 aalde
800 2084 819 2123 a
849 2061 889 2123 D.
913 2060 1069 2146 Greporic
1097 2061 1241 2128 Romano
1268 2061 1360 2124 Parit.

219 2165 404 2250 probatam,
427 2187 513 2228 nanc
531 2166 679 2250 primam
701 2165 737 2227 a'a
762 2165 863 2229 lacem
885 2165 1016 2229 editam.
1062 2167 1095 2230 in
1118 2167 1253 2250 epistula
1275 2166 1361 2230 dedi-

223 2272 339 2335 catoria
361 2271 395 2335 F.
412 2271 568 2336 Henricus
584 2269 764 2335 Grauiensis
781 2271 1007 2335 Dominicanus
1030 2269 1126 2335 libros
1145 2271 1304 2336 Paschasii
1326 2289 1362 2333 se

223 2394 321 2456 nuper
344 2395 359 2438 e
383 2380 507 2440 uetusto
530 2375 634 2438 codice
658 2375 860 2457 descripsisse
883 2376 964 2439 dicit.

266 2480 385 2543 Iterum
408 2497 548 2542 seorsum
565 2479 707 2559 impressi
722 2478 904 2561 prodierunt
921 2479 1027 2540 sancti
1042 2478 1213 2541 Parrhasii
1229 2477 1362 2540 diaconi

223 2583 363 2645 Romani
387 2580 567 2644 librili..
586 2629 593 2645 .
611 2581 715 2645 (101100
738 2581 820 2644 editi
839 2582 948 2645 siradio
966 2583 1011 2644 M.
1028 2582 1162 2644 Ioarrao'a
1185 2569 1207 2644 a
1228 2582 1361 2658 Faclrte,

223 2687 448 2751 Helmaestadii
468 2686 558 2751 1013.
598 2692 729 2769 utraque
753 2687 845 2751 editi0
862 2689 970 2751 nititur
992 2706 1054 2751 uno
1071 2688 1242 2769 eodemque
1257 2687 1362 2750 codice

225 2791 411 2874 interpolato
435 2791 575 2855 Parisino
599 2811 628 2855 n.
649 2789 752 2854 12203
776 2792 880 2856 simili.

267 2894 318 2959 Au
331 2896 498 2959 editionem
511 2894 728 2959 coloniensem
741 2895 822 2959 redit
832 2898 946 2975 tentus,
962 2895 1015 2976 qui
1030 2895 1184 2977 reperitur
1199 2895 1232 2958 in
1244 2895 1364 2977 Magna

223 3000 410 3064 bibliotheca
429 3003 570 3064 ueterum
591 3003 726 3082 patrum,
751 2999 897 3064 Coloniae
913 2999 1105 3082 Agrippinae
1123 2998 1216 3080 1018,
1239 3003 1314 3063 tom.
1332 2999 1361 3062 V

223 3109 301 3186 part.
319 3104 367 3167 III
383 3103 445 3166 733
461 3124 540 3186 sqq,
564 3104 594 3168 iu
611 3104 729 3187 Magna
749 3104 936 3168 bibIIotheca
955 3108 1097 3167 ueterum
1118 3108 1253 3185 patrum,
1274 3104 1363 3167 Pari-

224 3208 278 3271 siis
294 3206 385 3287 1044,
399 3209 491 3272 Vllll
506 3207 567 3270 119
580 3227 658 3291 sqq,
675 3211 705 3272 in
718 3209 858 3272 Maxima
869 3209 1058 3272 0100010000
1069 3213 1212 3272 ueterum
1224 3212 1362 3290 patrum,

224 3312 368 3394 Lugduni
387 3311 479 3392 1071,
503 3313 580 3375 VIII
596 3310 670 3393 801,
693 3315 724 3376 in
740 3313 919 3395 Patrologia
941 3313 1040 3376 latina
1061 3317 1170 3377 curata
1193 3313 1363 3394 aMignio,

224 3415 353 3479 Parisiis
374 3414 464 3496 1862,
488 3417 575 3480 LXII
592 3415 611 3478 9
628 3435 694 3499 sqq.

643 3659 675 3724 0.
699 3657 941 3724 spissatas.

268 3833 375 3898 Fausti
395 3833 556 3916 epistulas,
577 3853 655 3915 quae
676 3837 809 3915 exstant,
830 3833 971 3917 omnes¹)
988 3835 1128 3898 continet
1147 3835 1258 3899 codex
1274 3833 1364 3898 San-

225 3939 407 4022 gallensis
436 3957 464 4002 n.
486 3937 546 4000 190
569 3937 617 4021 (S)
642 3939 900 4003 membranaceus
918 3933 1004 4003 'saec
1018 3939 1112 4002 VIIII
1134 3940 1253 4003 formae
1276 3943 1364 4002 octo-

226 4043 341 4123 uariae,
368 4044 561 4126 paginarum
582 4047 818 4108 numeraturum
832 4041 895 4106 357
919 4042 988 4126 (sed
1015 4062 1180 4107 numerum
1199 4043 1235 4106 11
1260 4048 1365 4107 trans-

271 4287 290 4354 ¹)
302 4283 423 4354 Epistula
435 4287 530 4352 quarta
548 4283 629 4347 deest,
649 4301 696 4338 nec
714 4301 777 4337 uero
790 4301 820 4337 ea
832 4281 922 4337 sauss
940 4288 981 4338 est
999 4284 1044 4339 sed
1057 4284 1163 4340 Paulini
1183 4283 1217 4338 ad
1229 4285 1362 4338 Faustum

227 4388 314 4426 missa.
