3100 4892
588 463 653 518 IIII.
673 463 782 517 Sermo
800 466 842 519 27.
1223 462 1285 528 331

147 639 257 704 mundi
280 640 373 706 huius
397 643 429 704 et
452 644 489 704 de
512 640 574 704 fine
597 639 714 704 saeculi
737 639 873 704 clamare
901 657 964 704 non
992 639 1113 703 desinat
1134 640 1288 703 iustorum

146 745 286 826 praemia
308 747 340 808 et
361 749 560 827 pcccatorum
582 743 734 827 supplicia
761 763 884 826 semper
912 743 1112 824 annuntians,
1140 745 1184 822 ut,
1212 742 1288 806 dum

145 849 192 913 illi
214 853 423 932 prouocantur
445 850 485 914 ad
506 849 624 914 bonum
648 852 680 912 et
701 849 747 912 illi
763 848 957 913 deterrentur
980 848 1107 926 amalo,
1131 848 1225 912 simul
1248 847 1287 910 ad

145 954 287 1036 praemia
309 957 437 1018 aeterna
450 953 645 1037 perueniant.
684 952 767 1016 unde
791 956 823 1016 el
838 971 895 1036 ego
911 971 994 1016 nunc
1009 955 1287 1034 praesumptuosus

146 1076 216 1121 esse
239 1075 302 1121 non
325 1061 431 1122 metuo
447 1058 586 1122 detento
610 1075 646 1121 ac
662 1059 717 1122 tali
731 1061 862 1140 patrono
886 1059 992 1120 nostro
1007 1055 1156 1139 peculiari
1179 1058 1287 1120 sancto
1326 1079 1338 1120 e

144 1161 324 1245 Augustino
340 1161 523 1227 fiducialiter
538 1162 726 1244 praedicare.
756 1181 829 1242 non,
845 1162 985 1244 inquam,
1000 1161 1287 1245 praesumptionem

145 1285 216 1330 esse
235 1270 352 1347 metuo,
376 1267 413 1347 si,
435 1285 507 1330 curn
529 1268 597 1348 ipse
620 1266 802 1349 spiritaliter
817 1267 945 1331 indutus
968 1285 1004 1329 ao
1020 1264 1178 1348 praeditus
1194 1265 1289 1329 fuerit

144 1373 307 1436 tantarum
329 1371 400 1436 dote
424 1371 587 1451 uirtutum,
611 1372 699 1435 uelut
720 1389 819 1435 unurn
843 1389 894 1434 me
910 1374 1067 1435 extremae
1091 1369 1188 1434 uestis
1212 1387 1288 1434 suae

144 1475 292 1558 profitear
315 1495 385 1540 esse
407 1475 663 1557 tintinnabulum,
686 1479 723 1539 ut
744 1475 912 1540 inhaerens
937 1475 1027 1557 quasi
1050 1475 1132 1538 circa
1155 1474 1290 1558 uestigia

144 1580 303 1644 doctrinae
326 1580 410 1644 iliius
434 1599 470 1644 er
494 1579 612 1644 meritis
636 1581 702 1644 eius
726 1597 839 1643 sonum
861 1579 947 1644 uocis
972 1579 1120 1661 accipiam
1144 1583 1176 1643 et
1198 1578 1288 1660 quasi
1316 1603 1340 1640 ιο

145 1683 284 1748 motibus
308 1685 373 1748 eins
395 1685 441 1748 ita
463 1683 631 1748 uirtutibus
654 1685 804 1749 incitatus
820 1684 949 1748 reddam
965 1684 1287 1765 quantulumcumque

145 1788 297 1853 tinnitum
319 1793 352 1853 et
374 1806 503 1854 suorum
525 1790 823 1856 commemoratione
851 1789 1033 1854 meritorum
1062 1788 1154 1853 corda
1181 1791 1288 1852 uestra

143 1894 280 1980 pulsem.

187 1998 281 2062 quta
294 1998 372 2062 haec
393 2001 508 2080 autern,
532 2004 568 2064 ut
582 1999 909 2080 commemorauimus,
933 2001 1129 2078 ornamenta,
1152 2015 1231 2080 quae
1254 2000 1287 2062 in

145 2106 256 2168 sancto
278 2103 458 2186 Augustino
481 2104 586 2169 diuina
608 2105 802 2188 indulgentia
825 2104 1007 2168 meritorum
1029 2104 1098 2167 luce
1122 2103 1286 2184 concessit,
1315 2127 1340 2166 rr

145 2208 239 2272 aliam
272 2207 374 2272 adbuc
400 2208 640 2273 similitudinem
668 2208 804 2292 legimus
834 2208 866 2272 in
897 2209 995 2272 ueteri
1025 2210 1222 2272 testamento.
1269 2225 1288 2271 a

143 2312 249 2376 fronte
272 2312 356 2376 enirn
375 2313 531 2394 pontilicis
546 2317 711 2395 praetenta
734 2314 801 2377 anri
823 2313 942 2377 lamina
956 2311 1184 2396 praefulgebat,
1208 2329 1286 2393 quae

143 2416 264 2480 scilicet
285 2436 341 2500 per
364 2417 483 2482 metalli
510 2418 643 2482 nitorem
671 2419 843 2481 ostentaret
870 2417 1077 2481 eonscientiae
1105 2417 1285 2498 puritatem.

144 2520 349 2584 nihilominus
372 2521 576 2604 coaptabatur
603 2521 632 2585 ci
658 2521 819 2585 humerale
842 2524 1039 2606 gemmatum
1067 2524 1098 2584 et
1120 2538 1139 2584 a
1161 2523 1287 2602 pectore

143 2626 261 2690 monile
288 2625 470 2708 pretiosum,
501 2628 546 2705 ut,
577 2625 711 2707 qualiter
741 2626 868 2690 interior
898 2626 1083 2689 excolendus
1112 2628 1206 2705 essct,
1235 2643 1286 2688 en·
1313 2649 1339 2688 so

142 2729 267 2795 terioris
297 2748 419 2811 quoque
450 2730 587 2814 dignitas
618 2731 810 2795 admoneret.
860 2731 893 2793 in
926 2730 992 2812 ipso
1023 2748 1145 2812 quoque
1180 2728 1286 2793 monili

145 2832 254 2898 Aaron
278 2834 421 2898 sacerdos
445 2834 574 2900 nomina
587 2834 724 2899 liliorum
739 2835 838 2899 Israel
862 2853 953 2917 opere
973 2835 1145 2917 gemmario
1168 2833 1288 2898 intenta

142 2937 300 3022 gestabat.
345 2939 427 3003 hanc
448 2939 554 3020 itaque
577 2938 640 3023 (ut>
662 2957 752 3003 sacra
773 2939 857 3002 illius
881 2939 1064 3002 indumenta
1084 2937 1288 3020 magnificen-

143 3043 223 3106 tiam
257 3042 290 3105 in
324 3046 450 3110 sanctae
484 3043 706 3108 recordationis
740 3043 847 3110 domni
876 3042 1048 3126 Augustini
1077 3041 1287 3106 laudabilibus

144 3146 300 3210 institutis
324 3150 355 3211 et
370 3147 565 3212 diuersurum
581 3148 752 3230 gratiarnm
768 3147 961 3230 spiritalibus
981 3148 1159 3229 margaritis
1182 3147 1288 3229 splen·
1314 3170 1340 3210 es

144 3249 218 3315 dere
248 3251 433 3334 gaudemus,
464 3251 519 3315 sed
548 3252 581 3316 in
612 3252 664 3316 illo
695 3253 793 3316 multo
824 3252 959 3334 amplius
990 3252 1152 3333 multoque
1183 3251 1287 3315 uerius
1326 3281 1327 3286 ¹

145 3355 343 3436 splenduisse
370 3355 552 3437 probantur.
602 3374 682 3437 quae
710 3375 783 3420 oum
809 3356 841 3419 in
869 3355 954 3420 illius
981 3354 1088 3419 Aaron
1115 3355 1288 3438 imaginata

142 3458 260 3523 inerint
281 3458 483 3540 indumentis,
506 3460 582 3525 haee
604 3460 637 3524 in
660 3461 745 3524 illius
768 3461 818 3524 uel
834 3460 936 3544 gratia
959 3460 1118 3524 euidenter
1138 3462 1213 3524 sunt
1236 3479 1287 3522 er-

143 3581 254 3645 pressa
284 3564 336 3627 uel
365 3564 496 3629 meritis.
542 3565 576 3630 in
605 3565 659 3628 illo
690 3564 759 3628 auri
787 3565 906 3628 lamina
939 3564 1145 3629 eminentiam
1175 3565 1287 3628 irontis

142 3666 286 3748 ornabat,
308 3667 340 3732 in
363 3668 423 3732 hoc
445 3687 540 3734 aurea
561 3669 750 3732 uerecundia
773 3672 805 3732 et
821 3668 983 3733 sinceritas
999 3669 1136 3751 pretiosa
1151 3669 1287 3732 frontem
1313 3693 1340 3732 so

144 3772 260 3836 mentis
289 3772 432 3836 inradiat.
479 3773 607 3855 antiqua
637 3773 691 3836 illa
720 3773 877 3856 peregrini
900 3773 1010 3855 lapidis
1042 3777 1226 3838 ornamenta
1257 3775 1288 3835 et

147 3875 269 3957 operosi
293 3875 411 3940 decoris
426 3875 564 3960 insignia
585 3876 631 3940 illi
646 3876 833 3941 uidebuntur
853 3878 1005 3959 apposita,
1028 3877 1100 3941 huic
1115 3876 1287 3960 probantur

144 3981 265 4062 gratiae
288 3980 435 4064 largitate
458 3999 616 4062 concessa,
639 3983 671 4045 in
695 3982 749 4046 illo
773 3982 959 4046 adumbrata
982 3985 1072 4046 erant
1095 4000 1190 4045 manu
1214 3981 1287 4044 arti-

185 4155 202 4210 8
220 4155 359 4206 tantorum
377 4154 405 4208 P
427 4207 431 4211 ,
468 4157 500 4210 15
518 4173 585 4209 aum
603 4153 657 4208 luci
674 4156 868 4213 ocritcndum?
934 4159 967 4213 18
986 4156 1161 4209 conscientiae
1178 4157 1286 4225 scripsi,

142 4240 308 4294 constantiae
328 4242 355 4295 P
426 4243 458 4297 19
476 4240 665 4295 nichilominus
684 4242 712 4296 P
781 4245 814 4297 20
833 4243 934 4297 munile
950 4243 1071 4312 polosum
1095 4243 1122 4296 P
1191 4257 1286 4310 exquo-

141 4326 237 4380 lendns
264 4328 292 4382 P
361 4330 393 4383 21
421 4327 539 4382 munilae
566 4329 593 4382 P
662 4331 697 4384 22
723 4328 821 4383 israhel
848 4331 876 4385 P
944 4335 978 4388 23
1006 4333 1037 4387 ul
1058 4330 1165 4404 addidi,
1192 4349 1244 4386 om.
1262 4332 1290 4390 P

143 4415 179 4472 28
196 4414 298 4469 tuerint
314 4416 422 4486 scripsi,
440 4415 549 4472 fuerant
569 4418 595 4475 P
646 4419 681 4476 30
697 4417 787 4490 peiora
804 4419 833 4478 P
