3100 4892
238 383 303 448 312
679 381 743 435 1111.
762 381 871 435 Sermo
889 383 931 436 22.

239 560 353 623 duntur
383 559 414 622 in
445 577 611 623 carcerem.
654 559 760 622 uisitat
789 558 934 621 dominus
964 561 997 621 et
1024 557 1057 620 in
1087 574 1210 621 carcere
1241 574 1316 620 suos
1345 557 1376 619 et

239 664 308 728 idco
331 664 374 728 ibi
396 663 467 746 plus
491 666 539 728 est
560 663 698 746 periculi.
737 662 793 726 sed
816 662 889 743 quid
912 662 1027 726 mirum
1050 661 1077 725 si
1101 661 1210 725 uisitct
1232 659 1376 725 Christus

238 770 269 833 in
293 785 414 832 carcere
437 767 567 850 positos,
597 767 650 849 qui
673 785 707 831 se
729 766 833 849 ipsum
854 767 887 830 in
911 767 975 831 suis
998 784 1119 831 carcere
1141 765 1286 830 clausum
1309 783 1377 830 esse

239 873 434 953 memorauit,
458 873 541 937 sient
559 871 683 937 habetis
704 871 870 954 scriptum:
894 871 931 935 in
954 888 1103 935 carcere
1125 888 1224 934 eram
1247 873 1285 934 et
1306 887 1377 934 non

199 1005 212 1045 e
238 977 399 1042 uenietie
422 976 465 1041 ad
488 995 552 1042 me.

282 1079 349 1161 Quo
373 1098 435 1146 non
456 1084 601 1163 penetrat
623 1080 730 1146 diuina
751 1081 985 1146 misericordia?
1022 1079 1145 1144 inuenit
1166 1079 1281 1163 loseph
1307 1097 1377 1163 gra-

239 1185 315 1250 tiam
331 1185 423 1268 huius
441 1185 534 1266 modi,
558 1189 603 1266 ut,
627 1184 681 1269 qui
695 1186 800 1251 fuerat
821 1185 947 1249 clausus
969 1185 1002 1249 in
1025 1202 1159 1265 carcere,
1181 1184 1249 1267 ipse
1272 1184 1377 1267 potius

239 1290 375 1355 claustra
404 1290 537 1359 carceris
568 1289 747 1356 custodiret.
785 1290 913 1373 inipso
941 1291 1025 1354 enim
1051 1288 1298 1373 praefiguratum
1321 1291 1378 1369 eet,

239 1393 321 1477 quod
350 1396 459 1476 postca
484 1394 517 1460 in
547 1393 671 1459 domino
702 1394 857 1460 saluatcre
886 1398 993 1460 nostro
1022 1394 1201 1477 conpletum
1231 1396 1292 1458 est.
1335 1393 1379 1457 sic

188 1528 213 1568 ro
240 1499 323 1564 enim
345 1498 512 1564 insidiante
535 1497 585 1563 uel
608 1502 774 1564 accusante
797 1498 924 1563 domina
937 1499 1052 1583 Ioseph
1070 1499 1103 1562 in
1124 1516 1282 1563 carcerem
1305 1496 1378 1562 mit·

239 1604 325 1683 titur,
356 1603 435 1668 sicut
458 1601 601 1668 Christus
631 1603 800 1668 insidiante
826 1604 878 1668 nel
905 1606 1073 1669 accusante
1096 1619 1257 1687 synagoga
1279 1603 1379 1666 cruci-

239 1706 345 1791 figitur
376 1710 407 1772 et
435 1707 526 1790 quasi
555 1707 587 1773 in
617 1724 772 1772 carcerem
803 1709 843 1772 ad
868 1707 992 1773 inferna
1018 1707 1205 1772 descendere
1231 1707 1379 1791 dignatus

240 1815 296 1878 cst.
335 1812 467 1894 denique
490 1812 727 1878 similitudinem
751 1812 865 1877 uidete.
904 1814 943 1877 de
965 1811 1080 1896 Ioseph
1107 1812 1264 1892 scribitur,
1296 1811 1379 1894 quod

238 1916 317 1982 liber
332 1917 364 1980 in
380 1933 502 1981 carcere
518 1917 577 1980 fuit
599 1920 630 1982 et
653 1934 716 1998 eos,
739 1916 793 1998 qui
815 1917 848 1981 in
870 1935 993 1982 carcere
1015 1915 1212 1996 tenebantur,
1235 1916 1267 1979 in
1291 1920 1379 2000 pota-

188 2025 354 2091 aestatem
389 2024 559 2105 acceperat.
605 2022 642 2084 de
676 2021 801 2086 domino
835 2025 942 2086 autem
975 2022 1131 2086 saluatorc
1164 2023 1271 2086 nostro
1306 2021 1379 2104 qnid

240 2127 393 2210 scriptum
422 2129 490 2190 est?
527 2129 734 2210 posuerunt
762 2145 833 2207 me,
865 2127 977 2209 inquit,
1010 2127 1048 2190 in
1077 2127 1162 2191 lacu
1191 2125 1379 2205 inferiori,

239 2231 276 2295 in
296 2229 510 2295 tenebrosis
531 2233 566 2294 et
584 2229 714 2295 umbra
734 2232 874 2295 mortis.
911 2230 1035 2296 lactus
1054 2249 1134 2295 sum
1154 2229 1253 2294 sicut
1271 2230 1379 2294 bomo

240 2337 319 2401 aine
349 2335 534 2400 adiutorio
562 2335 660 2399 inter
688 2339 853 2400 mortuos
879 2335 987 2400 liber.
1025 2335 1129 2401 uerius
1155 2334 1241 2399 enim
1263 2335 1325 2399 boc
1347 2335 1379 2398 in

239 2439 363 2506 Christo
391 2439 572 2522 conpletum
600 2443 658 2520 est,
689 2441 742 2524 qni
768 2459 831 2505 non
858 2441 960 2505 solum
982 2441 1014 2504 in
1037 2442 1191 2524 potestate
1212 2437 1326 2504 habuit
1347 2439 1379 2503 in

186 2573 213 2612 eo
240 2562 361 2609 carcere
392 2544 529 2624 uinctos,
561 2544 616 2608 sed
647 2545 742 2608 etiam
764 2545 803 2609 de
830 2545 897 2626 ipsc
923 2545 1039 2611 inferni
1067 2562 1189 2610 carcere
1219 2543 1380 2626 praedam,

117 2709 119 2714 ,
153 2669 160 2679 ·
240 2666 335 2732 quam
357 2647 500 2714 diabolus
527 2652 662 2732 ceperat,
689 2649 810 2714 fortiter
840 2653 871 2714 et
900 2649 1032 2715 feliciter
1061 2647 1231 2714 reuocauit.
1269 2666 1380 2712 ascen-

240 2753 316 2817 dens
339 2753 370 2816 in
394 2752 493 2816 altum
516 2753 674 2836 captiuam
696 2753 785 2818 duxit
806 2754 1033 2837 captiuitatem,
1061 2753 1093 2818 id
1116 2756 1175 2834 est,
1206 2771 1283 2835 quos
1314 2753 1380 2817 dia·

240 2856 330 2921 bolus
354 2860 479 2940 ceperat
502 2858 541 2922 ad
563 2861 708 2942 mortem,
731 2857 784 2922 ille
808 2859 924 2941 recepit
946 2859 985 2922 ad
1012 2858 1120 2922 uitam.

284 2959 384 3042 Unde,
415 2962 527 3025 iratres
551 2961 712 3042 carissimi,
743 2965 776 3026 et
798 2979 855 3027 nos
878 2962 917 3026 ad
944 2962 1122 3045 exemplum
1149 2961 1234 3027 beati
1256 2961 1380 3045 Ioseph,

190 3091 215 3132 ao
243 3069 395 3148 quantum
417 3065 584 3148 possimus,
615 3085 685 3131 cum
718 3068 766 3131 dei
791 3068 942 3132 adiutorio
966 3067 1211 3132 familiaritatem
1233 3067 1381 3131 infestam

242 3173 336 3251 atque
360 3174 538 3254 suspectam
563 3170 699 3255 effugere
722 3173 918 3253 festinemus,
940 3176 977 3237 ut
995 3171 1149 3236 castitatis
1165 3171 1300 3236 nitorem
1316 3189 1382 3235 ser·

242 3292 317 3338 uara
346 3275 502 3357 possimus
527 3276 699 3340 secuudum
721 3275 809 3356 illud,
841 3275 923 3358 quod
950 3276 1109 3360 apostolus
1140 3275 1229 3341 dicit:
1260 3275 1380 3358 fugite

243 3379 540 3444 fornicationem.
579 3383 687 3444 contra
716 3380 778 3444 alia
804 3384 932 3463 peccata
953 3379 1157 3465 pugnandum
1182 3384 1241 3460 cst,
1272 3382 1308 3444 ut
1329 3397 1380 3442 ca-

244 3483 333 3548 stitas
357 3483 504 3548 custodiri
525 3484 634 3566 possit,
661 3485 846 3568 fugiendum
870 3488 927 3550 est.
965 3486 1125 3550 imitemur
1151 3502 1225 3568 ergo
1254 3484 1380 3548 beatum

345 3654 374 3723 4]
393 3654 489 3709 Macen.
503 3657 599 3721 aare
654 3656 698 3725 16]
711 3655 810 3710 ream.
820 3660 863 3722 aa,
873 3659 897 3712 a.
907 3659 930 3712 5.
984 3656 1031 3725 aa]
1050 3644 1224 3720 odoacre.

289 3813 454 3865 lcarcerem
467 3812 496 3866 D
548 3813 708 3867 3oarcarem
721 3813 751 3867 D
804 3812 964 3882 lputiusD
1018 3816 1051 3869 10
1063 3813 1244 3868 caussanteD
1297 3816 1327 3869 ll
1345 3813 1381 3867 ai-

244 3900 291 3951 cut
307 3899 416 3967 scripsi,
435 3897 473 3951 sic
491 3899 518 3951 et
535 3899 566 3953 D
635 3901 773 3953 acuasante
792 3901 822 3955 D
885 3900 1013 3968 sinagoga
1030 3901 1060 3955 D
1131 3903 1162 3956 12
1181 3899 1335 3954 discendere
1352 3901 1382 3955 D

245 3986 277 4039 15
296 3983 428 4052 acciperat
445 3985 475 4039 D
529 3987 560 4039 16
579 3983 728 4040 scribth
781 3986 873 4054 inquid
886 3986 916 4041 D
970 3991 1002 4043 19
1013 3989 1174 4056 potestatem
1191 3988 1221 4043 D
1273 3989 1306 4043 20
1323 4003 1380 4040 car·

244 4071 373 4124 ceremD
419 4070 523 4124 uinctos
534 4071 641 4140 scripsi,
653 4071 799 4128 iunctosD
845 4072 1184 4143 praedamecripai,pdam
1197 4075 1228 4129 D
1274 4076 1305 4131 21
1324 4071 1381 4126 diu·

244 4155 322 4210 bulue
341 4161 462 4226 caeperat
479 4158 509 4212 D
526 4165 639 4228 atroque
657 4161 713 4216 loco
777 4161 812 4216 23
830 4160 925 4230 recipit
942 4160 971 4215 D
1032 4163 1066 4217 25
1088 4161 1221 4230 possimus
1239 4179 1273 4218 aa
1289 4177 1381 4232 possu-

244 4259 303 4296 mne
321 4245 351 4298 D
421 4242 649 4314 familiaritatem
667 4247 697 4301 D
764 4246 897 4304 intestam
916 4250 946 4304 D
1015 4251 1048 4304 29
1066 4247 1200 4303 custodire
1218 4249 1249 4304 D
1314 4247 1379 4302 emi·

244 4331 332 4386 tamur
350 4331 380 4388 D
