3100 4892
264 440 306 503 86
726 437 747 490 I.
767 438 813 490 De
834 435 943 505 gretie

261 724 383 765 courel
404 723 476 781 HOC,
500 723 585 770 QUOD
609 722 735 782 DICUNT,
759 722 836 770 Qum
858 720 942 762 ANTE
966 720 1104 762 GRATIAE
1126 720 1249 761 TEMPUS
1273 718 1399 761 summo

452 810 546 852 unlus
568 810 624 851 nul
646 809 800 851 eburneus
824 806 981 851 OONOESSA
1003 808 1065 849 NON
1087 808 1212 850 suumn.

304 930 342 992 ln
365 928 475 1012 grandi
497 927 651 1011 profundo
673 926 868 1010 ignorantiae
891 927 1074 991 uolutantur
1097 927 1149 1008 qui
1172 926 1289 1005 dicunt,
1322 926 1403 1008 quod

260 1034 354 1097 unius
378 1032 428 1095 dei
450 1032 594 1096 notitiam
617 1032 733 1096 habere
756 1048 819 1095 non
842 1030 1002 1114 potuerint
1023 1035 1132 1114 gentes
1149 1034 1221 1095 ante
1237 1030 1400 1095 saluatoris

223 1164 236 1202 s
263 1139 445 1217 aduentum,
469 1155 542 1199 cum
565 1137 725 1218 apostolus
749 1139 868 1199 asserat
891 1135 1044 1199 factorem
1067 1135 1177 1199 mundi
1196 1154 1250 1218 per
1266 1135 1402 1199 facturae

261 1260 336 1305 suae
359 1240 626 1324 magnificentiam
649 1240 790 1324 potuisse
813 1240 959 1324 cognosci
980 1241 1025 1304 ita
1047 1240 1190 1304 dicendo:
1221 1239 1316 1322 quod
1344 1258 1401 1304 no-

261 1350 338 1410 tum
363 1348 419 1409 est
442 1345 514 1426 dei,
537 1345 780 1409 manifestum
804 1348 860 1409 est
883 1345 919 1409 in
942 1345 1030 1409 illis.
1068 1344 1281 1409 inuisibilia
1305 1344 1401 1408 enim

262 1451 342 1514 eius
366 1468 385 1513 a
407 1453 583 1514 ereatura
605 1450 732 1513 mnndi
754 1469 819 1533 per
842 1468 897 1530 ea,
921 1467 1014 1532 quae
1037 1450 1137 1514 laeta
1160 1452 1266 1529 sunt,
1295 1450 1403 1513 intel·

261 1556 360 1618 lecta
390 1554 686 1635 conspiciuntur.
727 1555 959 1636 sempiterna
991 1572 1135 1636 quoque
1169 1555 1290 1617 uirtus
1326 1555 1402 1617 eius

211 1684 236 1721 ιο
263 1663 299 1722 et
329 1658 527 1739 diuinitas
556 1662 597 1722 ut
627 1660 704 1723 sint
733 1658 1024 1723 inexcusabiles
1063 1659 1217 1740 quomodo
1247 1661 1282 1721 tu
1314 1676 1405 1722 ercu-

263 1763 378 1827 sabiles
402 1763 477 1827 dicis
501 1782 547 1843 eo,
570 1764 651 1846 quod
678 1764 772 1828 alieni
795 1764 911 1827 luerint
934 1782 952 1827 a
975 1763 1164 1828 caelestibus
1195 1763 1294 1843 donis,
1325 1779 1400 1845 quos

262 1870 339 1931 deus
362 1887 399 1931 er
422 1868 482 1933 hoc
508 1868 734 1933 inexcusabiles
765 1872 966 1951 protestatur,
998 1868 1079 1951 quod
1110 1868 1202 1933 abusi
1232 1868 1403 1951 probentur

262 1973 397 2055 acceptis
421 1976 453 2037 et
476 1971 593 2055 opificis
617 1972 845 2037 sublimitatem
869 1974 937 2038 sine
967 1974 1152 2038 difficultate
1182 1974 1262 2037 scire
1285 1972 1402 2055 potuis-

262 2081 342 2158 sent,
373 2078 399 2141 si
430 2095 507 2160 opus
539 2078 808 2161 interrogassent?
845 2078 938 2161 longe
962 2082 1010 2141 est
1032 2078 1091 2143 hoc
1114 2078 1153 2142 ab
1177 2078 1264 2141 omui
1287 2078 1403 2142 ratione

212 2204 235 2242 ιε
262 2182 381 2265 absque
404 2182 530 2265 pietate,
553 2186 589 2246 ut
609 2183 703 2247 horno
727 2183 766 2246 ad
790 2183 1023 2267 agnoscendum
1046 2184 1139 2246 deum
1163 2202 1262 2265 nuper
1277 2184 1404 2265 putetur

262 2287 411 2366 eruditus
442 2287 493 2350 cul
523 2287 689 2350 uniuersus
720 2286 759 2351 ab
791 2287 913 2351 exordio
942 2306 1047 2352 rerum
1075 2289 1163 2351 testis
1187 2290 1237 2351 est
1259 2286 1403 2367 mundus,

262 2395 294 2455 et
308 2391 377 2455 ideo
393 2392 426 2455 in
443 2392 552 2454 eadem
568 2392 699 2473 epistola
713 2389 901 2475 (apostolus)
922 2392 1010 2455 dicit:
1034 2410 1113 2455 cum
1139 2392 1235 2456 enim
1258 2394 1402 2475 genteS,

262 2513 354 2577 quae
376 2495 498 2578 legem
522 2512 594 2559 nou
623 2494 778 2576 babent,
810 2496 1037 2560 naturaliter
1068 2514 1160 2577 quae
1190 2496 1288 2579 legis
1319 2498 1404 2559 sunt

263 2599 420 2663 iaciunt.
458 2617 520 2662 non
551 2618 624 2683 ergo
654 2601 774 2664 receuti
805 2601 984 2683 magisterio
1018 2601 1057 2664 ad
1091 2600 1403 2683 conprehendentem

210 2726 236 2763 eo
262 2703 365 2786 legem
389 2702 439 2766 dei
462 2704 607 2768 credatur
629 2702 770 2785 inbutus,
794 2705 910 2786 quiid,
935 2704 1017 2786 quod
1041 2706 1224 2769 naturaliter
1244 2701 1349 2783 habet,
1372 2704 1402 2767 in

261 2806 355 2889 primi
389 2806 497 2888 utique
532 2807 669 2871 hominis
704 2808 882 2872 conditione
915 2809 1062 2891 percepit.
1106 2809 1402 2885 inmutauerunt,

262 2912 363 2993 inquit
393 2912 563 2994 apostolus,
593 2913 753 2996 gloriam
784 2912 1089 2995 incorruptibilis
1120 2913 1178 2977 dei
1208 2914 1244 2977 in
1272 2911 1403 2977 simili-

262 3016 429 3079 tudinem
451 3016 627 3099 imaginis
649 3015 924 3100 <corruptibilis
947 3018 1124 3102 hominis>
1146 3021 1182 3082 et
1211 3017 1401 3081 uolucrum

263 3122 299 3182 et
321 3118 591 3201 quadripedum
615 3124 651 3185 et
674 3122 918 3203 serpentium.

210 3247 236 3285 es
306 3223 391 3286 Dum
421 3224 591 3305 inprudens
622 3224 744 3289 abiecta
773 3230 806 3289 et
836 3225 965 3308 indigna
988 3230 1166 3307 ueneratur,
1197 3224 1342 3289 debuisse
1372 3244 1402 3287 se

263 3327 448 3391 omnimodis
464 3328 584 3392 cultum
601 3329 795 3412 dignioribus
811 3329 984 3412 profitetur,
1008 3330 1144 3411 dumque
1159 3331 1281 3414 lignum
1297 3330 1402 3393 adorat

263 3434 295 3493 et
316 3431 464 3513 lapidem,
487 3431 520 3496 in
543 3437 688 3516 promptu
711 3434 831 3515 habuit,
855 3454 876 3497 u
913 3438 1038 3516 saperet
1060 3434 1188 3498 adorare
1212 3434 1402 3498 terrestrium

367 3656 394 3724 6]
413 3654 490 3709 Rom.
506 3658 583 3721 1‚19.
640 3658 683 3726 17]
703 3658 780 3711 Rom.
794 3660 818 3723 2,
833 3659 873 3713 14.
928 3658 973 3728 21]
992 3658 1070 3712 Rom.
1085 3660 1108 3723 1,
1121 3659 1162 3713 23.

308 3867 321 3920 l
345 3882 428 3934 oreque
449 3867 500 3921 boc
522 3867 579 3921 loco
600 3883 686 3936 seqare
703 3869 735 3921 io
750 3868 934 3937 capitulorum
951 3868 1042 3923 indice
1059 3870 1128 3924 occi
1145 3869 1261 3938 capituli
1278 3884 1404 3923 muamus

263 3954 294 4006 tu
307 3952 334 4005 P
344 3958 444 4018 exotot;
462 3952 494 4006 de
510 3953 601 4008 uerbis
620 3957 713 4006 contra
730 3954 782 4007 hoc
793 3984 824 3992 —
835 3954 924 4017 fuerit,
943 3972 1011 4025 quae
1023 3956 1119 4010 decrerat
1132 3956 1163 4009 iu
1178 3956 1277 4023 iudice,
1291 3958 1325 4025 cs.
1339 3971 1404 4025 qam

263 4040 376 4108 exposui
393 4040 424 4093 a'o
443 4040 512 4093 libro
524 4037 652 4094 ‘Studien
669 4042 734 4096 o'tber
752 4044 796 4096 die
814 4043 953 4110 Schriften
971 4043 1017 4097 des
1030 4040 1168 4109 Faustus,
1185 4048 1259 4112 p.11
1313 4046 1403 4109 aquo·

263 4142 330 4193 quae
354 4127 381 4179 P
451 4128 481 4180 11
505 4124 647 4179 celestibus
670 4129 697 4180 P
767 4131 799 4184 12
817 4126 964 4196 probentur
981 4130 1088 4198 scripsi,
1111 4128 1272 4197 praebentur
1290 4131 1324 4196 P,
1346 4144 1404 4197 pro-

262 4211 396 4266 banturv
468 4215 500 4266 15
519 4211 633 4280 absquae
652 4216 685 4282 P,
709 4220 823 4283 atquae
893 4216 1144 4283 cognoscendumo
1217 4218 1247 4271 17
1271 4216 1405 4285 apostolus

263 4300 375 4365 addidi,
398 4318 449 4354 ouo.
472 4300 500 4353 P
552 4302 584 4354 19
603 4302 886 4369 conpraehendendam
906 4303 932 4355 P
984 4305 1015 4357 21
1036 4302 1144 4370 adquae
1164 4304 1191 4356 P
1246 4305 1281 4358 22
1299 4318 1404 4370 corrup-

262 4384 346 4438 tibilis
364 4386 481 4439 hominis
498 4386 606 4455 addidi,
624 4406 674 4444 om.
688 4389 715 4442 P
765 4392 800 4445 26
819 4388 952 4457 dumquee
970 4390 998 4442 P
1050 4392 1083 4444 27
1102 4394 1210 4458 promtu
1229 4390 1256 4443 P
