3100 4892
638 455 881 523 Prolegomenc.
1228 451 1328 506 XLVII

189 632 274 696 siluit
295 629 452 711 librarius,
476 631 529 712 qui
551 629 738 714 pagiuamm
761 647 908 694 numeros
931 628 1066 712 adiecit).
1096 589 1183 711 uuae
1210 629 1242 692 in
1269 627 1338 704 lroc,
1419 617 1425 627 ’

189 737 293 801 codice
316 736 434 816 insunt,
458 735 579 799 duobus
601 734 745 800 indiculis
768 735 956 815 indicantur,
980 751 1111 815 quorum
1133 752 1232 797 uuum
1255 749 1329 797 con·

189 842 262 906 lecit
289 839 467 924 Stephanus
494 839 642 904 Bulquus
673 843 705 904 et
731 842 916 923 tegumento
945 838 1083 903 interiori
1110 838 1329 921 agglutinant,

188 947 323 1010 alterum
346 964 382 1009 cr
405 944 497 1010 huius
520 933 634 1007 codicis
658 944 826 1042 archetypo
849 944 1012 1025 descripsit
1033 961 1115 1007 unus
1131 961 1167 1006 cr
1183 942 1328 1022 librariis,

188 1068 322 1132 quorum
338 1049 483 1113 manibus
505 1050 599 1112 codor
621 1053 763 1112 exaratus
780 1051 837 1112 est.
876 1047 1080 1131 posteriorem
1095 1047 1179 1111 huuc
1194 1046 1329 1144 iudicem

188 1153 286 1218 edidit
300 1153 476 1218 Kruschius
492 1154 512 1217 l.
528 1153 549 1217 l.
567 1153 726 1234 LXVIIII,
747 1171 844 1234 quare
860 1171 933 1216 eum
948 1150 1105 1235 integrum
1121 1151 1173 1215 hic
1187 1154 1328 1233 repetere
1459 1157 1463 1165 '

67 1251 69 1254 ’
188 1259 387 1341 supersedeo,
418 1257 477 1323 nisi
507 1257 590 1339 quod
622 1257 701 1321 addo
731 1257 795 1340 logi
825 1255 914 1320 iuitio
943 1255 987 1339 (p.
1009 1254 1042 1338 2)
1073 1253 1159 1318 HIC
1181 1252 1333 1318 CODFX

188 1340 1029 1441 666666166666666666666666.
1054 1360 1205 1442 epistulae
1220 1359 1329 1422 nauso

188 1467 321 1530 diuersis
343 1467 419 1531 locIs
443 1466 651 1549 reperiuntur:
676 1485 705 1549 p.
723 1463 763 1526 27
788 1465 925 1547 epistula
939 1463 985 1526 Vl
1007 1464 1046 1527 ad
1066 1463 1212 1544 Felicem,
1235 1481 1330 1545 quam

188 1571 347 1653 excipiunt
368 1588 398 1651 p.
415 1567 458 1632 33
481 1589 527 1652 ep.
542 1569 602 1632 Vll
626 1569 664 1632 ad
688 1567 843 1634 Graecum
870 1569 1036 1633 diaconum
1045 1567 1069 1650 ¹)
1097 1570 1129 1631 ot
1154 1587 1184 1650 p.
1201 1565 1329 1630 44—48

189 1693 235 1757 op.
253 1673 269 1736 Ι
292 1673 332 1737 ad
347 1673 510 1752 Lucidum,
533 1673 620 1736 cuins
636 1676 743 1736 tamen
761 1671 949 1755 subscriptio
971 1691 1001 1755 p.
1018 1668 1061 1733 48
1079 1675 1216 1735 extrema
1231 1672 1329 1752 deest,

189 1778 243 1840 sod
266 1798 298 1860 p.
315 1775 378 1840 328
406 1781 479 1840 ante
502 1776 609 1840 Lucidi
636 1793 823 1858 responsum
851 1780 951 1840 exstat
974 1774 1027 1857 (cl.
1051 1775 1330 1858 intrepidum

189 1881 279 1964 not),
308 1881 391 1944 uude
418 1881 450 1945 ln
473 1881 578 1944 codice
602 1881 769 1964 archetypo
797 1881 916 1962 aliquot
941 1879 1161 1962 quaterniones
1185 1897 1240 1943 suo
1263 1880 1331 1944 loco

190 1991 291 2050 motos
316 1985 412 2050 luisse
436 1987 602 2068 colligitur.
649 1988 823 2067 sequuntur
843 1987 916 2067 post
938 1984 1015 2048 duas
1038 1984 1223 2067 Hieronymi
1244 2003 1331 2068 pros-

189 2091 290 2173 hylari
316 2091 466 2173 epistulas
490 2089 533 2172 (p.
549 2087 693 2172 49-66)
716 2090 853 2171 quinque
873 2088 981 2152 Fausti
1005 2089 1155 2171 epistulae
1178 2089 1217 2169 ad
1239 2089 1331 2153 Ruri-

190 2195 272 2258 cium
297 2193 360 2278 (ep.
378 2194 561 2259 VIII—XII
581 2213 611 2276 p.
625 2191 676 2274 66,
694 2191 745 2274 ll,
763 2191 814 2272 77,
831 2190 883 2273 80,
900 2190 1052 2275 82-83),
1075 2211 1153 2274 quas
1176 2194 1332 2276 excipiunt

191 2299 342 2380 epistulae
373 2297 505 2362 aliorum
536 2297 575 2361 ad
605 2297 763 2394 Ruricium
795 2296 839 2378 (p.
856 2293 1021 2380 84—130)
1051 2297 1178 2361 insertis
1209 2297 1331 2362 duabus

192 2403 299 2467 Fausti
315 2402 459 2486 epistulis
471 2402 518 2465 ΙΙΙ
535 2401 573 2466 ad
586 2419 776 2484 anonymum
793 2400 837 2484 (p.
850 2398 1015 2484 92-110)
1032 2401 1101 2464 etV
1114 2401 1152 2464 ad
1164 2402 1331 2467 Paulinum

190 2507 236 2590 (p.
262 2505 456 2589 tro-126).
502 2507 634 2588 denique
664 2507 697 2570 in
728 2510 867 2570 extrema
897 2506 1010 2569 codicis
1040 2509 1139 2588 parte,
1173 2511 1209 2571 ut
1239 2508 1330 2572 modo

190 2612 336 2692 diximus,
368 2610 501 2694 epistula
527 2610 635 2675 Lucidl
663 2610 701 2674 ad
729 2609 882 2673 Faustum
912 2610 1052 2691 aliosque
1082 2610 1241 2694 episcopos
1269 2611 1331 2694 (ost

190 2716 222 2779 iu
253 2719 361 2779 nostra
391 2715 523 2779 editione
557 2714 639 2778 inter
673 2713 824 2795 epistulas
854 2713 1038 2778 Faustianas
1053 2715 1100 2798 Il)
1133 2720 1235 2780 exstat
1268 2734 1332 2780 una

191 2837 263 2883 curu
291 2818 494 2883 antecedente
522 2819 747 2900 subscriptione
775 2818 956 2900 epistulael
980 2818 1090 2883 Fausti
1117 2820 1155 2884 ud
1179 2820 1330 2884 Lucidum

191 2923 235 3006 (p.
251 2921 437 3006 828-332)
461 2926 532 3007 post
554 2923 705 3005 epistulas
729 2922 767 2986 ad
787 2921 985 2987 Desiderium
1009 2924 1189 3007 episcopum
1213 2923 1331 2990 Cadur·

191 3045 317 3092 censoru
340 3027 428 3092 datas
452 3028 495 3111 (p.
511 3025 708 3110 300-328).

236 3119 1331 3198 GoderParisiuusbibliothecaenationalislatInusu.2166

192 3253 271 3300 saec.
289 3235 384 3300 VIIII
400 3234 464 3319 (P),
487 3235 524 3299 de
541 3253 601 3318 quo
618 3253 712 3319 supra
726 3255 755 3318 p.
774 3235 910 3299 XXXIV
925 3235 1024 3300 fusius
1041 3237 1173 3319 egimus,
1193 3240 1332 3303 continet

192 3343 316 3423 praetor
339 3340 446 3405 Fausti
475 3340 572 3405 libros
603 3339 641 3404 de
670 3340 773 3424 gratia
801 3339 853 3404 tol.
873 3339 904 3400 l'
927 3340 1036 3404 Fausti
1058 3341 1073 3404 I
1096 3342 1263 3423 epistulam
1291 3343 1330 3407 ad

192 3443 345 3508 Lucidum
369 3448 401 3508 et
421 3445 528 3509 Lucidi
551 3461 735 3527 responsum
759 3441 894 3527 (epil).

236 3546 1332 3615 CodexParisiuusbibliothecaenationalislatinusn.1564

192 3694 404 3778 (Colbertiuus
418 3715 447 3760 6.
460 3693 553 3776 1863,
566 3695 681 3780 Regius
695 3716 724 3760 n.
736 3650 841 3808 3381)
854 3713 935 3760 saco.
949 3697 1045 3760 VIIII
1057 3697 1122 3781 (Q),
1134 3699 1172 3762 de
1184 3718 1245 3781 quo
1258 3719 1331 3765 con-

192 3843 339 3908 terendus
355 3847 404 3907 est
419 3842 469 3907 Fr.
483 3844 640 3924 Maassen,
657 3843 788 3924 Quellen
804 3845 858 3909 des
874 3847 1083 3911 canonischen
1096 3846 1212 3910 Rechts
1229 3845 1330 3928 1608,

192 3946 344 4030 epistulas
360 3946 483 4011 Paulini
507 3949 545 4012 ad
561 3949 725 4028 Faustum,
749 3949 859 4014 Fausti
874 3951 914 4014 ad
928 3951 1105 4031 Paulinum,
1128 3951 1167 4014 ad
1183 3951 1331 4031 Felicem,

192 4051 231 4115 ad
254 4049 410 4116 Graecum
433 4050 495 4136 (ep.
511 4052 696 4136 IHI—VII)
719 4054 866 4130 continet,
890 4055 978 4120 cuius
1000 4056 1150 4120 lectiones
1173 4057 1331 4120 uariantes

237 4225 257 4292 ¹)
275 4223 306 4276 P.
316 4225 349 4278 37
373 4221 437 4276 oIIm
460 4239 545 4277 uacua
569 4223 661 4278 relicta
684 4241 754 4278 nuuc
777 4225 951 4280 adiuruttouis
973 4225 1110 4280 cuiusdam
1129 4228 1222 4281 matris
1240 4228 1331 4296 apium

191 4308 337 4364 formulam
350 4309 476 4372 continet,
489 4310 521 4364 66
534 4327 585 4379 quc
598 4311 771 4364 conterendus
786 4316 826 4365 est
835 4312 864 4367 P.
876 4312 975 4376 Fwald,
988 4314 1076 4367 Neues
1088 4314 1185 4367 Archiv
1195 4315 1261 4367 VIII
1272 4317 1331 4381 357,

190 4413 311 4466 quaeque
329 4398 411 4450 otium
428 4398 457 4450 in
474 4413 498 4466 p.
514 4401 526 4454 1
547 4397 644 4451 codicis
662 4398 747 4452 nostri
765 4415 836 4452 nuuc
854 4398 959 4468 legitur.
