3100 4892
242 415 302 479 118
623 413 659 468 Π.
679 415 723 467 De
741 414 863 482 spiritu
882 416 997 467 sancto

240 595 271 656 et
293 591 427 674 gentiles
451 595 483 654 et
505 589 722 654 catechumeni
745 589 782 652 de
806 590 902 672 patris
926 592 958 652 et
979 587 1035 652 filii
1059 589 1291 671 dispensatione
1312 607 1384 672 par-

238 697 378 780 ticipant,
402 696 440 759 de
463 693 709 759 sanctificatione
732 711 806 758 uero
831 697 863 758 et
885 693 1040 758 infusione
1057 693 1185 776 spiritus
1202 695 1305 758 sancti
1320 711 1383 758 uon

238 801 340 881 facile,
371 801 431 865 nisi
460 800 523 863 iarn
553 798 748 882 baptismum
779 799 947 879 consecuti,
977 797 1133 880 purificati
1164 802 1194 863 et
1225 798 1383 881 spiritales

240 905 351 984 effecti,
375 905 537 986 apostolici
560 904 655 967 etiarn
680 906 712 967 et
734 903 917 985 apostoliae
933 905 1000 966 toto
1017 887 1126 986 spiritu
1143 902 1182 966 ad
1197 903 1383 986 martyrium

199 1037 212 1076 a
240 1009 425 1094 praeparati.
472 1012 503 1072 et
525 1008 606 1072 inter
628 1008 706 1072 haee
730 1007 831 1071 adhuc
855 1011 997 1071 creatura
1020 1026 1088 1071 esse
1112 1006 1150 1071 ab
1174 1007 1279 1091 impiis
1304 1007 1384 1071 iudi-

239 1114 373 1194 cabitur,
406 1115 459 1196 qui
482 1112 564 1196 apud
587 1113 781 1177 indiuiduam
805 1113 978 1177 trinitatem
1001 1113 1033 1177 in
1057 1113 1249 1177 ordinatione
1273 1113 1385 1177 salutis

238 1221 396 1283 humanae
428 1217 700 1302 magnificentiora
730 1235 872 1300 quaeque
900 1235 1032 1281 munera
1055 1219 1087 1281 et
1108 1217 1296 1300 perfectiora
1320 1234 1385 1282 scr-

241 1325 339 1387 1111111
384 1322 438 1386 sed
461 1322 542 1385 forte
566 1321 664 1385 dicas:
696 1322 794 1386 maior
817 1325 865 1386 est
888 1322 1015 1404 spiritus
1039 1325 1177 1402 sanctus,
1206 1321 1293 1386 euius
1318 1339 1386 1386 ma-

238 1428 305 1492 iora
333 1430 364 1490 et
386 1426 537 1490 nobiliora
560 1429 635 1490 suut
657 1443 758 1509 opera.
806 1444 867 1490 non
891 1426 937 1490 ita
960 1429 1016 1490 est.
1063 1444 1137 1490 nam
1159 1426 1192 1490 id
1214 1426 1312 1490 moris
1337 1429 1386 1490 est

190 1558 214 1596 lo
240 1531 383 1610 trinitati,
407 1533 452 1611 ut,
476 1532 525 1593 cui
540 1547 692 1613 personae
708 1531 976 1596 administrandae
991 1531 1036 1594 rei
1052 1531 1220 1596 committit
1234 1529 1386 1612 officium,

241 1636 268 1698 ei
291 1639 435 1718 peractae
459 1634 617 1699 adscribat
639 1634 788 1699 effectum
814 1653 850 1698 ac
878 1635 922 1698 sic
944 1653 1022 1718 opus
1046 1636 1087 1699 sit
1109 1636 1189 1700 forte
1211 1635 1384 1717 diuersum,

241 1741 295 1804 sed
312 1757 479 1803 commune
494 1741 697 1823 propositum.
731 1743 762 1803 ct
785 1739 813 1802 si
837 1743 885 1803 est
898 1740 931 1803 in
951 1740 1084 1824 singulis
1101 1740 1236 1822 speciale
1251 1740 1384 1822 factum,

241 1847 350 1908 manet
372 1845 405 1907 in
427 1842 528 1908 tribus
551 1845 697 1927 generale
720 1844 885 1909 consilium
908 1863 945 1908 sc
967 1847 1141 1928 propterea,
1173 1845 1232 1910 etei
1255 1844 1386 1910 distino-

240 1953 308 2012 tum
336 1947 457 2012 habent
479 1949 510 2011 in
534 1949 713 2030 operatione
740 1949 912 2032 negotium,
945 1967 1043 2013 unum
1074 1953 1180 2013 tamen
1211 1953 1322 2015 teuent
1352 1951 1386 2014 in

190 2077 215 2118 15
245 2053 435 2118 ordinatione
459 2070 656 2117 consensum.

280 2157 357 2222 Post
388 2157 606 2247 ascensionem
637 2157 754 2222 domini
784 2159 823 2222 ad
854 2160 1044 2224 cumulanda
1075 2164 1105 2224 et
1135 2160 1295 2244 implenda
1319 2161 1385 2224 eius

240 2261 393 2327 beneficia
420 2262 550 2344 spiritus
574 2266 701 2326 sanetus
725 2264 924 2328 descendisse
947 2264 1143 2346 describitur,
1174 2265 1295 2346 dequo
1318 2265 1385 2348 ipse

234 2367 379 2431 'saluator
400 2385 457 2449 per
479 2366 629 2431 Iohannis
653 2368 852 2451 euangelium
875 2369 1025 2450 loquitur:
1054 2370 1120 2434 ille
1143 2369 1301 2453 spiritus
1324 2387 1384 2434 ue-

239 2471 384 2551 ritatis,
408 2489 515 2552 quern
531 2470 661 2534 mittet
675 2474 784 2554 pater
799 2471 836 2536 in
852 2474 1000 2538 nomine
1017 2491 1106 2538 meo.
1138 2473 1252 2554 mittet,
1268 2474 1383 2556 iuquit,

186 2601 212 2640 20
238 2577 329 2658 pater
359 2575 391 2639 in
423 2575 551 2638 nomine
581 2591 666 2655 meo,
701 2575 739 2638 de
769 2576 907 2640 trinitate
940 2577 1109 2642 euidenter.
1167 2578 1204 2641 de
1235 2596 1297 2660 qua
1326 2579 1385 2642 hoc

241 2697 392 2761 umquem
416 2683 559 2743 creatura
580 2679 698 2743 dictum
721 2681 773 2744 uel
795 2681 931 2764 legimus
954 2682 1005 2745 uel
1028 2681 1216 2762 audiuirnus,
1246 2683 1330 2764 quod
1352 2684 1385 2746 in

240 2784 324 2848 huno
340 2783 493 2846 mundum
509 2783 541 2847 in
557 2784 683 2847 nomine
700 2783 749 2848 dei
764 2785 907 2849 uenerit?
942 2786 992 2849 hic
1008 2804 1091 2870 ergo,
1108 2786 1146 2850 de
1162 2805 1222 2868 quo
1240 2785 1383 2851 Christus

239 2888 384 2953 dominns
408 2887 484 2951 deus
508 2887 596 2951 dicit:
619 2889 693 2951 nisi
716 2907 782 2972 ego
804 2889 895 2970 iero,
919 2891 1134 2972 paracletus
1158 2908 1229 2954 non
1252 2891 1384 2956 ueniet

239 2992 283 3056 ad
314 3010 393 3072 noe,
424 2992 501 3056 deus
529 2990 648 3074 absque
671 2992 764 3057 dubio
789 2998 847 3074 est,
878 2995 931 3076 qui
954 2995 1114 3059 inlocum
1138 2996 1187 3059 dei
1209 2996 1249 3059 ad
1271 2995 1382 3060 confir-

187 3122 213 3160 25
240 3097 357 3162 manda
387 3096 436 3159 dei
467 3115 599 3160 munera
628 3098 811 3162 destinatur.
857 3099 889 3162 in
917 3098 967 3163 his
991 3099 1112 3164 duabus
1136 3101 1301 3164 sententiis
1324 3099 1380 3164 sub

241 3201 439 3265 distinctione
474 3202 622 3266 trinitatis
655 3202 800 3266 absolute
832 3222 967 3287 persona
997 3204 1093 3268 etiam
1124 3205 1225 3269 sancti
1256 3205 1380 3287 spiritus

240 3305 424 3370 declaratur.
470 3323 533 3370 non
563 3306 708 3371 inmerito
738 3307 846 3389 itaqua
873 3312 905 3372 et
926 3308 986 3372 hoc
1008 3309 1048 3373 ad
1071 3307 1244 3373 diuinitatis
1269 3327 1379 3390 aequa·

238 3409 361 3473 litatem
390 3410 534 3491 refertur,
564 3411 647 3491 quod
678 3411 759 3474 sicut
788 3411 872 3475 filius
902 3413 947 3476 ita
978 3414 1072 3477 etiam
1103 3413 1230 3496 spiritus
1255 3415 1379 3477 sanctus

344 3582 388 3652 18]
406 3582 609 3648 1111111126.
664 3584 709 3654 23]
728 3584 820 3637 Ioann.
837 3586 877 3648 16,
890 3587 914 3638 7.

284 3741 297 3794 1
318 3739 501 3794 cathecumeni
523 3743 555 3810 V,
575 3741 733 3794 catecumini
752 3745 780 3798 P
842 3745 859 3797 3
876 3741 1062 3795 beatissimum
1081 3761 1096 3797 o
1159 3746 1176 3798 4
1195 3748 1222 3797 11
1239 3751 1302 3801 cante
1320 3761 1379 3814 apo·

239 3851 325 3905 stolici
345 3853 444 3908 addo
496 3857 524 3906 et
542 3853 654 3921 apostoli
673 3872 724 3909 om.
744 3855 770 3908 P
826 3812 1232 3924 911111111Ρ(11111.111.)
1289 3856 1378 3926 moris]

239 3938 325 3991 maius
347 3941 374 3994 V
429 3943 461 3994 lo
480 3940 609 3993 trinitatis
627 3941 655 3993 P
712 3940 924 3995 administranda
948 3943 974 3996 V
1029 3945 1059 3999 11
1079 3947 1184 4010 peracte
1206 3945 1232 3999 V
1287 3943 1379 3998 asscri-

238 4050 285 4104 bat
303 4051 331 4104 P
382 4051 403 4104 si
424 4053 451 4105 P
503 4055 535 4106 12
553 4053 718 4120 prepositum
741 4054 767 4107 V
817 4022 928 4122 speciele
946 4057 974 4110 P
990 4056 1018 4122 (a
1036 4058 1182 4123 1111111111.)
1238 4059 1269 4113 13
1288 4057 1378 4122 111117,

239 4164 262 4216 si
280 4164 308 4216 P
360 4167 392 4218 16
411 4164 444 4216 cd
463 4163 690 4220 accumulandus
745 4169 775 4221 17
796 4165 1000 4222 discribiturV
1052 4171 1084 4224 18
1102 4126 1196 4237 loquiar
1212 4170 1292 4237 V(it
1309 4187 1378 4226 111111.

239 4251 299 4317 att.)
362 4255 393 4306 19
412 4251 504 4319 inquid
528 4253 555 4306 V
611 4255 646 4307 22
665 4253 706 4306 dei
725 4253 833 4307 nomine
852 4255 879 4307 P
939 4257 972 4310 23
990 4255 1142 4324 paraclytus
1162 4258 1190 4310 P
1253 4256 1378 4313 2611111-

238 4362 309 4416 lutae
332 4364 358 4417 V
407 4363 516 4432 spiritus
535 4365 620 4418 sancti
638 4366 666 4420 P
716 4368 750 4421 27
770 4333 920 4420 declaratur
939 4367 966 4420 P
