3100 4892
611 442 709 498 Liber
726 444 740 497 1
758 447 852 500 9-10.
1256 444 1299 509 33

162 622 274 686 ditias
297 624 335 685 et
356 620 557 703 iniquitati
580 621 624 685 ad
647 620 905 702 iniquitatem,
929 620 982 683 ita
1005 638 1101 683 nuuc
1125 618 1298 683 exhibete

161 724 325 791 membra
350 729 479 790 uestra
505 725 648 789 seruire
674 724 847 789 iustitiae
875 724 911 788 in
940 724 1298 789 sanctificationem.

160 848 262 895 nonne
291 830 344 893 hie
372 830 475 911 ipsum
499 829 695 911 eundemque
724 828 886 893 bominem
917 828 955 891 ad
986 827 1140 893 bonorum
1170 846 1299 910 operum

161 934 265 999 studia
285 937 447 1017 prouocat,
469 951 562 1016 quem
586 934 672 1016 prius
696 933 789 997 malis
812 932 952 997 deditum
975 932 1073 997 fuisse
1096 933 1299 997 manifestat?

201 1038 303 1121 Igitur
326 1038 403 1102 dum
424 1038 514 1103 liberi
536 1038 741 1121 interemptor
764 1036 885 1101 arbitrii
911 1038 944 1101 in
972 1038 1154 1101 alterutram
1176 1041 1299 1121 partem
1337 1062 1350 1101 s

160 1143 265 1207 omnia
287 1161 324 1206 er
345 1141 627 1224 praedestinatione
651 1144 772 1205 statuta
801 1144 832 1205 et
861 1140 989 1205 definita
1016 1160 1084 1205 esse
1107 1141 1299 1223 pronuntiat,

161 1248 255 1312 etiam
277 1264 425 1329 suprema
445 1246 585 1311 remedia
606 1246 817 1329 paenitentias
841 1264 935 1309 sensu
955 1245 1105 1328 abruptae
1129 1244 1299 1329 impietatis

161 1355 300 1417 euaenat
339 1355 371 1415 et
385 1352 539 1434 quomodo
558 1350 717 1435 praedicat
739 1352 884 1434 gratiam,
904 1351 956 1432 qui
979 1350 1223 1415 misericerdiam
1246 1368 1300 1413 ne-

160 1460 237 1541 gat?
260 1457 414 1538 quomodo
429 1456 552 1521 uidetur
567 1474 705 1520 asserere
722 1456 769 1519 dei
786 1456 912 1535 donum,
929 1456 1016 1519 cuius
1032 1455 1113 1519 tollit
1129 1456 1299 1520 auxilium?

161 1561 313 1643 quomodo
336 1561 430 1625 audet
444 1560 482 1624 de
498 1560 660 1642 scripturis
675 1578 874 1643 praesumere
890 1559 1078 1640 testimonia,
1094 1560 1146 1642 qui
1162 1561 1296 1643 scriptu·
1323 1588 1349 1629 ιο

161 1684 266 1730 rarum
289 1670 419 1731 conatur
441 1665 603 1729 excludere
619 1664 794 1729 beneficia?
825 1665 978 1747 quomodo
999 1664 1076 1729 mihi
1092 1664 1219 1729 dicitur:
1244 1664 1300 1727 de-

163 1772 262 1835 clina
285 1789 304 1834 a
327 1770 424 1835 malo
447 1772 483 1834 et
507 1770 566 1833 fac
587 1768 738 1851 bouum,
769 1771 796 1833 si
825 1770 887 1833 iam
916 1770 1033 1834 malum
1058 1770 1214 1834 declinare
1237 1788 1301 1835 non

163 1878 315 1959 possum?
353 1894 407 1939 cur
430 1875 587 1958 apostolus
611 1875 765 1956 loquitur:
790 1874 1034 1955 mortificate,
1058 1876 1168 1957 inquit,
1192 1894 1301 1940 mem·

164 1980 227 2044 bra
248 1983 390 2060 uestra,
414 1982 445 2043 et
461 1980 591 2043 iterum:
609 1979 738 2058 eratis,
754 1979 867 2060 iuquit,
888 1978 1090 2061 aliquando
1106 1978 1298 2060 tenebrae,

166 2102 259 2147 nunc
287 2086 412 2148 autem
440 2084 503 2146 lur
532 2084 568 2146 iu
599 2083 763 2163 domino,
794 2086 835 2146 ut
856 2083 930 2146 filii
960 2084 1055 2147 lucis
1085 2083 1298 2149 ambulate?
1326 2110 1352 2149 rs

164 2188 314 2269 quomodo
338 2188 416 2251 mihi
438 2188 646 2251 mutationem
674 2188 737 2251 mei
767 2188 844 2271 legis
875 2188 1069 2269 praedicator
1095 2188 1249 2269 insinuat,
1273 2188 1300 2253 si

165 2291 380 2357 inmutabilem
402 2292 505 2375 legem
528 2292 628 2355 iactor
651 2280 804 2374 in'posuit:
829 2292 1078 2373 expoliantes,
1102 2293 1210 2374 inquit,
1235 2312 1299 2357 uos

165 2396 527 2461 uetercmhomiuem
544 2415 626 2460 cum
649 2395 796 2460 actibus
820 2395 899 2459 eius
924 2396 1122 2461 induentes
1143 2400 1299 2461 nouum?

168 2501 317 2582 quomodo
340 2504 517 2565 concretam
541 2501 659 2584 peceati
682 2500 786 2563 labem
809 2500 1059 2583 inseparabiliter
1087 2501 1125 2564 ad
1149 2501 1299 2585 originem

166 2608 195 2669 et
215 2606 424 2670 conditionem
447 2605 600 2688 pertinere
623 2605 795 2685 contendiS,
823 2623 918 2685 quam
942 2605 1052 2688 deponi
1076 2610 1108 2669 et
1123 2606 1192 2669 exui
1208 2624 1299 2689 posse
1326 2633 1353 2673 ιο

166 2711 346 2794 cognoscis?
389 2710 536 2793 intellege
570 2711 724 2773 contrario
758 2713 789 2772 te
824 2709 935 2791 spiritu
969 2710 1119 2773 aduersus
1154 2714 1300 2774 sanctum

166 2816 305 2896 spiritum
327 2814 422 2896 loqui,
446 2814 499 2896 qui
521 2814 600 2897 legis
617 2817 648 2877 et
663 2813 883 2896 prophetarum
900 2820 1105 2894 sacramenta,
1129 2814 1182 2896 qui
1205 2832 1299 2879 euan-

165 2919 279 3001 gelicae
300 2918 443 2983 ueritatis
465 2918 591 2983 oracula
613 2917 728 2981 mundo
756 2918 790 2981 in
817 2918 1005 2983 adiutorium
1036 2920 1120 2983 dedit
1150 2923 1182 2983 et
1210 2936 1299 3002 prae-

166 3026 252 3106 cepta
273 3023 382 3087 diuina
403 3042 457 3105 per
479 3021 651 3087 laboriosae
675 3022 832 3086 seruitutis
860 3022 962 3087 officia
988 3024 1087 3106 gratia
1114 3027 1300 3105 cooperante

166 3127 360 3192 sernentibus
382 3145 516 3211 regnum
538 3127 672 3190 caeleste
694 3127 846 3209 promisit.
1324 3154 1350 3195 25

208 3229 399 3315 Quapropter
433 3232 583 3295 honorem
617 3231 719 3295 sancti
753 3232 855 3314 operis
890 3250 926 3295 ac
956 3230 1070 3295 laboris
1102 3232 1140 3295 de
1170 3232 1299 3315 praemii

167 3336 379 3419 magnitudine
402 3354 439 3399 ao
462 3334 613 3418 dignitate
637 3336 755 3415 metire,
788 3337 875 3399 cuius
902 3336 1041 3418 palmam
1068 3339 1103 3399 tu
1130 3336 1245 3419 pariter
1268 3341 1300 3401 et

165 3456 306 3503 coronam
332 3441 428 3505 uilem
457 3440 574 3521 absque
606 3438 700 3504 dubio
729 3439 858 3520 iudicas,
891 3440 917 3503 si
947 3458 1016 3503 eam
1048 3440 1113 3505 siue
1143 3439 1299 3505 laboriosa

165 3543 344 3609 contritione
372 3544 561 3627 adprehendi
590 3562 681 3627 posse
705 3544 881 3608 confirmas.
920 3545 1071 3626 numquid
1101 3548 1203 3627 potest
1232 3546 1299 3610 sine

165 3664 278 3730 magna
297 3649 399 3731 operis
422 3648 595 3712 intentione
617 3648 802 3713 mandatum
826 3649 903 3713 illud
926 3648 1049 3713 diuinae
1072 3650 1298 3733 praeceptionis
1325 3675 1351 3715 co

165 3750 307 3833 impleri?
345 3753 438 3832 noli,
461 3753 571 3834 iuquit,
603 3753 703 3816 uinci
733 3770 753 3817 a
782 3753 893 3833 malo,
926 3753 987 3816 sed
1011 3754 1117 3817 uince
1145 3752 1298 3819 inbono

268 3914 427 3985 rursum.
447 3918 545 3979 acea
595 3916 638 3985 13]
658 3914 713 3969 cor.
732 3918 756 3978 3,
770 3920 793 3971 5.
845 3916 973 3985 141uph.
994 3918 1054 3981 aa
1105 3916 1148 3985 17]
1167 3914 1222 3970 eor.
1236 3919 1260 3981 3,
1273 3920 1297 3972 o.

164 4000 210 4069 ar]
229 3999 300 4056 acm.
320 4005 361 4066 re,
374 4004 417 4059 ai.

207 4115 418 4185 aeundcmqrae
431 4116 458 4170 P
502 4115 772 4185 6pruedistinatioue
786 4117 813 4171 P
858 4118 1033 4185 isupraema
1046 4118 1073 4170 P
1119 4118 1151 4171 10
1164 4130 1260 4184 quomo
1273 4117 1300 4171 P

166 4202 198 4256 13
216 4215 282 4267 quur
298 4204 325 4257 P
376 4201 471 4270 inquid
488 4202 517 4256 P
569 4205 599 4257 17
619 4201 815 4257 immutabilem
834 4204 868 4271 P,
887 4201 1075 4257 inimitabilem
1094 4221 1109 4257 c
1157 4204 1189 4258 19
1207 4218 1298 4272 pecca·

165 4312 199 4365 aa
219 4313 247 4366 Ρ
292 4316 325 4370 aa
343 4314 444 4370 murco
462 4316 490 4369 r>
505 4317 616 4382 (oman
629 4318 677 4371 ara.
690 4317 800 4381 acrae.)
847 4282 1008 4370 aarucrri'm
1027 4316 1055 4369 r>
1099 4318 1133 4370 33
1146 4313 1260 4384 absquae
1273 4315 1300 4368 Ρ

165 4400 198 4457 29
216 4398 391 4467 adpraehendi
410 4404 437 4457 P
488 4406 519 4458 31
540 4402 633 4471 inquid
652 4404 680 4457 P

216 4493 270 4535 m.
282 4495 353 4539 huc.
1127 4492 1143 4541 3
