<?xml version="1.0" encoding="UTF-8"?>
<!DOCTYPE html PUBLIC "-//W3C//DTD XHTML 1.0 Transitional//EN"
    "http://www.w3.org/TR/xhtml1/DTD/xhtml1-transitional.dtd">
<html xmlns="http://www.w3.org/1999/xhtml" xml:lang="en" lang="en">
 <head>
  <title>
</title>
<meta http-equiv="Content-Type" content="text/html;charset=utf-8" />
  <meta name='ocr-system' content='tesseract 3.04.00' />
  <meta name='ocr-capabilities' content='ocr_page ocr_carea ocr_par ocr_line ocrx_word'/>
</head>
<body>
  <div class='ocr_page' id='page_1' title='image "./corpusscriptoru19wiengoog_0386.png"; bbox 0 0 3100 4892; ppageno 0'>
   <div class='ocr_carea' id='block_1_1' title="bbox 259 441 990 506">
    <p class='ocr_par' dir='ltr' id='par_1_1' title="bbox 259 441 990 506">
     <span class='ocr_line' id='line_1_1' title="bbox 259 441 990 506; baseline 0.003 -15"><span class='ocrx_word' id='word_1_1' title='bbox 259 443 324 506; x_wconf 86' lang='lat'>300</span> <span class='ocrx_word' id='word_1_2' title='bbox 665 441 731 496; x_wconf 93' lang='lat' dir='ltr'><strong>IIII.</strong></span> <span class='ocrx_word' id='word_1_3' title='bbox 751 443 860 495; x_wconf 86' lang='lat' dir='ltr'>Sermo</span> <span class='ocrx_word' id='word_1_4' title='bbox 882 442 990 496; x_wconf 80' lang='lat'>19-20.</span> 
     </span>
    </p>
   </div>
   <div class='ocr_carea' id='block_1_2' title="bbox 208 616 1395 1850">
    <p class='ocr_par' dir='ltr' id='par_1_2' title="bbox 208 616 1395 1850">
     <span class='ocr_line' id='line_1_2' title="bbox 259 616 1395 700; baseline 0 -20"><span class='ocrx_word' id='word_1_5' title='bbox 259 635 333 682; x_wconf 91' lang='lat' dir='ltr'>uero</span> <span class='ocrx_word' id='word_1_6' title='bbox 364 617 531 682; x_wconf 83' lang='lat' dir='ltr'>auxiliante</span> <span class='ocrx_word' id='word_1_7' title='bbox 567 617 703 699; x_wconf 90' lang='lat' dir='ltr'>domino,</span> <span class='ocrx_word' id='word_1_8' title='bbox 737 618 813 682; x_wconf 89' lang='lat' dir='ltr'>dum</span> <span class='ocrx_word' id='word_1_9' title='bbox 846 617 1041 700; x_wconf 86' lang='lat' dir='ltr'>frequentius</span> <span class='ocrx_word' id='word_1_10' title='bbox 1074 617 1245 700; x_wconf 85' lang='lat' dir='ltr'>scripturas</span> <span class='ocrx_word' id='word_1_11' title='bbox 1279 616 1395 681; x_wconf 86' lang='lat' dir='ltr'>diuinas</span> 
     </span>
     <span class='ocr_line' id='line_1_3' title="bbox 260 721 1395 806; baseline 0 -21"><span class='ocrx_word' id='word_1_12' title='bbox 260 722 407 806; x_wconf 77' lang='lat' dir='ltr'>relegitis,</span> <span class='ocrx_word' id='word_1_13' title='bbox 437 723 464 786; x_wconf 87' lang='lat' dir='ltr'>si</span> <span class='ocrx_word' id='word_1_14' title='bbox 488 723 650 805; x_wconf 80' lang='lat' dir='ltr'>diligenter</span> <span class='ocrx_word' id='word_1_15' title='bbox 673 723 851 803; x_wconf 76' lang='lat' dir='ltr'>adtenditiS,</span> <span class='ocrx_word' id='word_1_16' title='bbox 881 723 983 804; x_wconf 91' lang='lat' dir='ltr'>credo,</span> <span class='ocrx_word' id='word_1_17' title='bbox 1014 721 1215 804; x_wconf 88' lang='lat' dir='ltr'>quodetiam</span> <span class='ocrx_word' id='word_1_18' title='bbox 1240 721 1395 785; x_wconf 88' lang='lat' dir='ltr'>meliorem</span> 
     </span>
     <span class='ocr_line' id='line_1_4' title="bbox 260 826 809 910; baseline 0 -20"><span class='ocrx_word' id='word_1_19' title='bbox 260 826 485 909; x_wconf 79' lang='lat' dir='ltr'>expositionem</span> <span class='ocrx_word' id='word_1_20' title='bbox 507 827 648 892; x_wconf 89' lang='lat' dir='ltr'>inuenire</span> <span class='ocrx_word' id='word_1_21' title='bbox 670 827 809 910; x_wconf 87' lang='lat' dir='ltr'>possitis.</span> 
     </span>
     <span class='ocr_line' id='line_1_5' title="bbox 302 930 1394 1014; baseline -0.003 -18"><span class='ocrx_word' id='word_1_22' title='bbox 302 931 388 1014; x_wconf 85' lang='lat' dir='ltr'>Rogo</span> <span class='ocrx_word' id='word_1_23' title='bbox 409 949 474 1011; x_wconf 89' lang='lat' dir='ltr'>nos,</span> <span class='ocrx_word' id='word_1_24' title='bbox 498 931 623 1012; x_wconf 88' lang='lat' dir='ltr'>fratres,</span> <span class='ocrx_word' id='word_1_25' title='bbox 646 935 691 1012; x_wconf 93' lang='lat' dir='ltr'>nt,</span> <span class='ocrx_word' id='word_1_26' title='bbox 715 931 905 1014; x_wconf 86' lang='lat' dir='ltr'>quicumque</span> <span class='ocrx_word' id='word_1_27' title='bbox 925 934 981 996; x_wconf 89' lang='lat' dir='ltr'>aut</span> <span class='ocrx_word' id='word_1_28' title='bbox 1000 930 1100 995; x_wconf 89' lang='lat' dir='ltr'>filium</span> <span class='ocrx_word' id='word_1_29' title='bbox 1119 933 1173 996; x_wconf 91' lang='lat' dir='ltr'>ant</span> <span class='ocrx_word' id='word_1_30' title='bbox 1195 931 1394 994; x_wconf 86' lang='lat' dir='ltr'>uernaculum</span> 
     </span>
     <span class='ocr_line' id='line_1_6' title="bbox 219 1035 1395 1116; baseline -0.003 -15"><span class='ocrx_word' id='word_1_31' title='bbox 219 1063 232 1101; x_wconf 85' lang='lat'><strong>5</strong></span> <span class='ocrx_word' id='word_1_32' title='bbox 259 1053 352 1098; x_wconf 86' lang='lat' dir='ltr'>snum</span> <span class='ocrx_word' id='word_1_33' title='bbox 375 1035 526 1116; x_wconf 88' lang='lat' dir='ltr'>baptizari</span> <span class='ocrx_word' id='word_1_34' title='bbox 549 1035 714 1116; x_wconf 88' lang='lat' dir='ltr'>desiderat,</span> <span class='ocrx_word' id='word_1_35' title='bbox 738 1036 803 1100; x_wconf 90' lang='lat' dir='ltr'>iam</span> <span class='ocrx_word' id='word_1_36' title='bbox 825 1055 910 1100; x_wconf 91' lang='lat' dir='ltr'>nunc</span> <span class='ocrx_word' id='word_1_37' title='bbox 933 1055 1005 1100; x_wconf 90' lang='lat' dir='ltr'>eum</span> <span class='ocrx_word' id='word_1_38' title='bbox 1029 1035 1180 1100; x_wconf 89' lang='lat' dir='ltr'>ecclesiae</span> <span class='ocrx_word' id='word_1_39' title='bbox 1202 1035 1315 1099; x_wconf 81' lang='lat' dir='ltr'>offerre</span> <span class='ocrx_word' id='word_1_40' title='bbox 1337 1052 1395 1099; x_wconf 89' lang='lat' dir='ltr'>nou</span> 
     </span>
     <span class='ocr_line' id='line_1_7' title="bbox 259 1139 1394 1224; baseline 0 -22"><span class='ocrx_word' id='word_1_41' title='bbox 259 1139 391 1218; x_wconf 86' lang='lat' dir='ltr'>differat,</span> <span class='ocrx_word' id='word_1_42' title='bbox 415 1139 488 1221; x_wconf 91' lang='lat' dir='ltr'>quia</span> <span class='ocrx_word' id='word_1_43' title='bbox 510 1157 571 1203; x_wconf 93' lang='lat' dir='ltr'>non</span> <span class='ocrx_word' id='word_1_44' title='bbox 596 1143 645 1204; x_wconf 87' lang='lat' dir='ltr'>est</span> <span class='ocrx_word' id='word_1_45' title='bbox 667 1141 797 1221; x_wconf 87' lang='lat' dir='ltr'>iustum,</span> <span class='ocrx_word' id='word_1_46' title='bbox 821 1144 856 1205; x_wconf 91' lang='lat' dir='ltr'>ut</span> <span class='ocrx_word' id='word_1_47' title='bbox 874 1160 935 1221; x_wconf 87' lang='lat' dir='ltr'>res,</span> <span class='ocrx_word' id='word_1_48' title='bbox 959 1159 1039 1222; x_wconf 90' lang='lat' dir='ltr'>qnae</span> <span class='ocrx_word' id='word_1_49' title='bbox 1060 1142 1127 1203; x_wconf 89' lang='lat' dir='ltr'>tam</span> <span class='ocrx_word' id='word_1_50' title='bbox 1146 1157 1262 1224; x_wconf 87' lang='lat' dir='ltr'>magna</span> <span class='ocrx_word' id='word_1_51' title='bbox 1283 1145 1316 1202; x_wconf 90' lang='lat' dir='ltr'>et</span> <span class='ocrx_word' id='word_1_52' title='bbox 1334 1143 1394 1203; x_wconf 88' lang='lat' dir='ltr'>tam</span> 
     </span>
     <span class='ocr_line' id='line_1_8' title="bbox 258 1243 1394 1329; baseline 0 -23"><span class='ocrx_word' id='word_1_53' title='bbox 258 1244 419 1326; x_wconf 89' lang='lat' dir='ltr'>praeclara</span> <span class='ocrx_word' id='word_1_54' title='bbox 442 1263 510 1308; x_wconf 87' lang='lat' dir='ltr'>esse</span> <span class='ocrx_word' id='word_1_55' title='bbox 534 1244 679 1324; x_wconf 88' lang='lat' dir='ltr'>ereditur,</span> <span class='ocrx_word' id='word_1_56' title='bbox 703 1246 905 1329; x_wconf 84' lang='lat' dir='ltr'>neglegenter</span> <span class='ocrx_word' id='word_1_57' title='bbox 925 1248 980 1309; x_wconf 89' lang='lat' dir='ltr'>aut</span> <span class='ocrx_word' id='word_1_58' title='bbox 999 1244 1128 1325; x_wconf 89' lang='lat' dir='ltr'>tardius,</span> <span class='ocrx_word' id='word_1_59' title='bbox 1152 1261 1246 1326; x_wconf 87' lang='lat' dir='ltr'>quam</span> <span class='ocrx_word' id='word_1_60' title='bbox 1266 1243 1394 1326; x_wconf 81' lang='lat' dir='ltr'>expedit,</span> 
     </span>
     <span class='ocr_line' id='line_1_9' title="bbox 259 1347 1395 1431; baseline -0.002 -19"><span class='ocrx_word' id='word_1_61' title='bbox 259 1349 442 1430; x_wconf 89' lang='lat' dir='ltr'>requiratur.</span> <span class='ocrx_word' id='word_1_62' title='bbox 481 1348 576 1412; x_wconf 90' lang='lat' dir='ltr'>timeo</span> <span class='ocrx_word' id='word_1_63' title='bbox 605 1349 698 1428; x_wconf 89' lang='lat' dir='ltr'>enirn,</span> <span class='ocrx_word' id='word_1_64' title='bbox 729 1369 769 1412; x_wconf 91' lang='lat' dir='ltr'>ne</span> <span class='ocrx_word' id='word_1_65' title='bbox 797 1349 920 1431; x_wconf 79' lang='lat' dir='ltr'>aliquae</span> <span class='ocrx_word' id='word_1_66' title='bbox 943 1350 1090 1413; x_wconf 88' lang='lat' dir='ltr'>mulieres</span> <span class='ocrx_word' id='word_1_67' title='bbox 1113 1348 1182 1412; x_wconf 90' lang='lat' dir='ltr'>ideo</span> <span class='ocrx_word' id='word_1_68' title='bbox 1210 1348 1330 1412; x_wconf 89' lang='lat' dir='ltr'>tardius</span> <span class='ocrx_word' id='word_1_69' title='bbox 1351 1347 1395 1410; x_wconf 89' lang='lat' dir='ltr'>in·</span> 
     </span>
     <span class='ocr_line' id='line_1_10' title="bbox 259 1450 1395 1536; baseline -0.002 -21"><span class='ocrx_word' id='word_1_70' title='bbox 259 1452 395 1516; x_wconf 82' lang='lat' dir='ltr'>tantulae</span> <span class='ocrx_word' id='word_1_71' title='bbox 419 1470 491 1515; x_wconf 87' lang='lat' dir='ltr'>snos</span> <span class='ocrx_word' id='word_1_72' title='bbox 514 1451 656 1532; x_wconf 81' lang='lat' dir='ltr'>offerant,</span> <span class='ocrx_word' id='word_1_73' title='bbox 679 1453 752 1534; x_wconf 87' lang='lat' dir='ltr'>qnia</span> <span class='ocrx_word' id='word_1_74' title='bbox 775 1472 848 1517; x_wconf 90' lang='lat' dir='ltr'>cnm</span> <span class='ocrx_word' id='word_1_75' title='bbox 870 1453 947 1536; x_wconf 90' lang='lat' dir='ltr'>ipsis</span> <span class='ocrx_word' id='word_1_76' title='bbox 971 1453 1010 1517; x_wconf 93' lang='lat' dir='ltr'>ad</span> <span class='ocrx_word' id='word_1_77' title='bbox 1033 1453 1157 1536; x_wconf 88' lang='lat' dir='ltr'>uigilias</span> <span class='ocrx_word' id='word_1_78' title='bbox 1180 1452 1288 1516; x_wconf 74' lang='lat' dir='ltr'>nenne</span> <span class='ocrx_word' id='word_1_79' title='bbox 1311 1450 1395 1515; x_wconf 87' lang='lat' dir='ltr'>dissi-</span> 
     </span>
     <span class='ocr_line' id='line_1_11' title="bbox 208 1556 1394 1641; baseline -0.002 -21"><span class='ocrx_word' id='word_1_80' title='bbox 208 1583 232 1620; x_wconf 79' lang='lat' dir='ltr'>ro</span> <span class='ocrx_word' id='word_1_81' title='bbox 259 1557 390 1620; x_wconf 91' lang='lat' dir='ltr'>mulant.</span> <span class='ocrx_word' id='word_1_82' title='bbox 429 1556 602 1620; x_wconf 81' lang='lat' dir='ltr'>certissime</span> <span class='ocrx_word' id='word_1_83' title='bbox 619 1559 702 1621; x_wconf 88' lang='lat' dir='ltr'>enim</span> <span class='ocrx_word' id='word_1_84' title='bbox 718 1558 884 1637; x_wconf 78' lang='lat' dir='ltr'>credundo,</span> <span class='ocrx_word' id='word_1_85' title='bbox 901 1558 993 1639; x_wconf 87' lang='lat' dir='ltr'>quod,</span> <span class='ocrx_word' id='word_1_86' title='bbox 1013 1556 1094 1641; x_wconf 72' lang='lat' dir='ltr'>(qni)</span> <span class='ocrx_word' id='word_1_87' title='bbox 1108 1557 1217 1621; x_wconf 89' lang='lat' dir='ltr'>statim</span> <span class='ocrx_word' id='word_1_88' title='bbox 1233 1556 1394 1639; x_wconf 79' lang='lat' dir='ltr'>incipiente</span> 
     </span>
     <span class='ocr_line' id='line_1_12' title="bbox 258 1660 1395 1744; baseline 0 -20"><span class='ocrx_word' id='word_1_89' title='bbox 258 1660 495 1744; x_wconf 87' lang='lat' dir='ltr'>quadragesima</span> <span class='ocrx_word' id='word_1_90' title='bbox 516 1679 579 1741; x_wconf 89' lang='lat' dir='ltr'>eos,</span> <span class='ocrx_word' id='word_1_91' title='bbox 601 1660 653 1743; x_wconf 90' lang='lat' dir='ltr'>qui</span> <span class='ocrx_word' id='word_1_92' title='bbox 673 1661 853 1744; x_wconf 91' lang='lat' dir='ltr'>baptizandi</span> <span class='ocrx_word' id='word_1_93' title='bbox 872 1666 957 1743; x_wconf 87' lang='lat' dir='ltr'>sunt,</span> <span class='ocrx_word' id='word_1_94' title='bbox 977 1661 1087 1726; x_wconf 84' lang='lat' dir='ltr'>offerre</span> <span class='ocrx_word' id='word_1_95' title='bbox 1108 1661 1265 1725; x_wconf 86' lang='lat' dir='ltr'>noluerint</span> <span class='ocrx_word' id='word_1_96' title='bbox 1280 1663 1395 1724; x_wconf 89' lang='lat' dir='ltr'>etcum</span> 
     </span>
     <span class='ocr_line' id='line_1_13' title="bbox 257 1764 1394 1850; baseline -0.001 -22"><span class='ocrx_word' id='word_1_97' title='bbox 257 1764 335 1846; x_wconf 88' lang='lat' dir='ltr'>ipsis</span> <span class='ocrx_word' id='word_1_98' title='bbox 356 1765 395 1828; x_wconf 89' lang='lat' dir='ltr'>ad</span> <span class='ocrx_word' id='word_1_99' title='bbox 415 1765 538 1848; x_wconf 86' lang='lat' dir='ltr'>uigiliae</span> <span class='ocrx_word' id='word_1_100' title='bbox 559 1765 691 1830; x_wconf 86' lang='lat' dir='ltr'>fideliter</span> <span class='ocrx_word' id='word_1_101' title='bbox 712 1767 858 1830; x_wconf 90' lang='lat' dir='ltr'>uenerint</span> <span class='ocrx_word' id='word_1_102' title='bbox 878 1770 909 1831; x_wconf 88' lang='lat' dir='ltr'>et</span> <span class='ocrx_word' id='word_1_103' title='bbox 927 1766 983 1830; x_wconf 89' lang='lat' dir='ltr'>filii</span> <span class='ocrx_word' id='word_1_104' title='bbox 1003 1784 1110 1831; x_wconf 91' lang='lat' dir='ltr'>eorum</span> <span class='ocrx_word' id='word_1_105' title='bbox 1130 1766 1273 1850; x_wconf 90' lang='lat' dir='ltr'>legitimo</span> <span class='ocrx_word' id='word_1_106' title='bbox 1294 1765 1394 1829; x_wconf 91' lang='lat' dir='ltr'>ordine</span> 
     </span>
    </p>
   </div>
   <div class='ocr_carea' id='block_1_3' title="bbox 258 1869 1503 1954">
    <p class='ocr_par' dir='ltr' id='par_1_3' title="bbox 258 1869 1503 1954">
     <span class='ocr_line' id='line_1_14' title="bbox 258 1869 1503 1954; baseline 0 -22"><span class='ocrx_word' id='word_1_107' title='bbox 258 1869 434 1952; x_wconf 89' lang='lat' dir='ltr'>acceperint</span> <span class='ocrx_word' id='word_1_108' title='bbox 461 1875 693 1935; x_wconf 84' lang='lat' dir='ltr'>sacramentum</span> <span class='ocrx_word' id='word_1_109' title='bbox 720 1871 879 1954; x_wconf 85' lang='lat' dir='ltr'>baptismi,</span> <span class='ocrx_word' id='word_1_110' title='bbox 907 1873 939 1935; x_wconf 92' lang='lat' dir='ltr'>ct</span> <span class='ocrx_word' id='word_1_111' title='bbox 965 1871 1024 1952; x_wconf 88' lang='lat' dir='ltr'>ipsi</span> <span class='ocrx_word' id='word_1_112' title='bbox 1047 1871 1213 1953; x_wconf 89' lang='lat' dir='ltr'>adquirent</span> <span class='ocrx_word' id='word_1_113' title='bbox 1236 1870 1394 1953; x_wconf 90' lang='lat' dir='ltr'>indulgen·</span> <span class='ocrx_word' id='word_1_114' title='bbox 1502 1890 1503 1905; x_wconf 56' lang='lat'>¹</span> 
     </span>
    </p>
   </div>
   <div class='ocr_carea' id='block_1_4' title="bbox 207 1974 1394 2248">
    <p class='ocr_par' dir='ltr' id='par_1_4' title="bbox 207 1974 1394 2248">
     <span class='ocr_line' id='line_1_15' title="bbox 258 1974 1394 2058; baseline -0.001 -21"><span class='ocrx_word' id='word_1_115' title='bbox 258 1974 334 2037; x_wconf 88' lang='lat' dir='ltr'>tiam</span> <span class='ocrx_word' id='word_1_116' title='bbox 363 1978 564 2056; x_wconf 88' lang='lat' dir='ltr'>peccatorum</span> <span class='ocrx_word' id='word_1_117' title='bbox 591 1978 771 2058; x_wconf 84' lang='lat' dir='ltr'>praestante</span> <span class='ocrx_word' id='word_1_118' title='bbox 799 1975 923 2040; x_wconf 91' lang='lat' dir='ltr'>domino</span> <span class='ocrx_word' id='word_1_119' title='bbox 951 1978 1058 2040; x_wconf 87' lang='lat' dir='ltr'>nostro</span> <span class='ocrx_word' id='word_1_120' title='bbox 1085 1975 1158 2039; x_wconf 90' lang='lat' dir='ltr'>lesu</span> <span class='ocrx_word' id='word_1_121' title='bbox 1185 1974 1321 2054; x_wconf 73' lang='lat' dir='ltr'>Christo,</span> <span class='ocrx_word' id='word_1_122' title='bbox 1349 1974 1394 2037; x_wconf 87' lang='lat' dir='ltr'>cui</span> 
     </span>
     <span class='ocr_line' id='line_1_16' title="bbox 207 2078 1394 2164; baseline -0.002 -22"><span class='ocrx_word' id='word_1_123' title='bbox 207 2103 231 2142; x_wconf 68' lang='grc' dir='ltr'>ιε</span> <span class='ocrx_word' id='word_1_124' title='bbox 259 2081 307 2142; x_wconf 88' lang='lat' dir='ltr'>est</span> <span class='ocrx_word' id='word_1_125' title='bbox 328 2079 426 2143; x_wconf 91' lang='lat' dir='ltr'>honor</span> <span class='ocrx_word' id='word_1_126' title='bbox 449 2082 480 2143; x_wconf 89' lang='lat' dir='ltr'>et</span> <span class='ocrx_word' id='word_1_127' title='bbox 501 2080 669 2162; x_wconf 89' lang='lat' dir='ltr'>imperium</span> <span class='ocrx_word' id='word_1_128' title='bbox 693 2099 765 2144; x_wconf 90' lang='lat' dir='ltr'>eum</span> <span class='ocrx_word' id='word_1_129' title='bbox 788 2083 878 2163; x_wconf 86' lang='lat' dir='ltr'>patre</span> <span class='ocrx_word' id='word_1_130' title='bbox 901 2083 933 2144; x_wconf 91' lang='lat' dir='ltr'>et</span> <span class='ocrx_word' id='word_1_131' title='bbox 955 2080 1066 2164; x_wconf 86' lang='lat' dir='ltr'>spiritu</span> <span class='ocrx_word' id='word_1_132' title='bbox 1089 2082 1198 2144; x_wconf 87' lang='lat' dir='ltr'>sancto</span> <span class='ocrx_word' id='word_1_133' title='bbox 1220 2078 1394 2143; x_wconf 87' lang='lat' dir='ltr'>insaecula</span> 
     </span>
     <span class='ocr_line' id='line_1_17' title="bbox 260 2181 614 2248; baseline 0.006 -2"><span class='ocrx_word' id='word_1_134' title='bbox 260 2183 465 2248; x_wconf 90' lang='lat' dir='ltr'>saeculorum.</span> <span class='ocrx_word' id='word_1_135' title='bbox 500 2181 614 2248; x_wconf 88' lang='lat' dir='ltr'>Amen.</span> 
     </span>
    </p>
   </div>
   <div class='ocr_carea' id='block_1_5' title="bbox 793 2412 862 2476">
    <p class='ocr_par' dir='ltr' id='par_1_5' title="bbox 793 2412 862 2476">
     <span class='ocr_line' id='line_1_18' title="bbox 793 2412 862 2476; baseline 0 0"><span class='ocrx_word' id='word_1_136' title='bbox 793 2412 862 2476; x_wconf 86' lang='lat' dir='ltr'>XX.</span> 
     </span>
    </p>
   </div>
   <div class='ocr_carea' id='block_1_6' title="bbox 658 2572 1022 2614">
    <p class='ocr_par' dir='ltr' id='par_1_6' title="bbox 658 2572 1022 2614">
     <span class='ocr_line' id='line_1_19' title="bbox 658 2572 1022 2614; baseline 0.003 -2"><span class='ocrx_word' id='word_1_137' title='bbox 658 2573 700 2612; x_wconf 69' lang='lat' dir='ltr'>DF}</span> <span class='ocrx_word' id='word_1_138' title='bbox 724 2572 843 2613; x_wconf 70' lang='lat' dir='ltr'>Seuero</span> <span class='ocrx_word' id='word_1_139' title='bbox 866 2573 979 2613; x_wconf 70' lang='lat' dir='ltr'>losum</span> <span class='ocrx_word' id='word_1_140' title='bbox 1002 2574 1022 2614; x_wconf 90' lang='lat'>1.</span> 
     </span>
    </p>
   </div>
   <div class='ocr_carea' id='block_1_7' title="bbox 303 2706 1504 2789">
    <p class='ocr_par' dir='ltr' id='par_1_7' title="bbox 303 2706 1504 2789">
     <span class='ocr_line' id='line_1_20' title="bbox 303 2706 1504 2789; baseline -0.003 -19"><span class='ocrx_word' id='word_1_141' title='bbox 303 2706 451 2785; x_wconf 81' lang='lat' dir='ltr'>Quotiens</span> <span class='ocrx_word' id='word_1_142' title='bbox 475 2707 574 2788; x_wconf 85' lang='lat' dir='ltr'>nobie,</span> <span class='ocrx_word' id='word_1_143' title='bbox 598 2708 761 2789; x_wconf 87' lang='lat' dir='ltr'>carissimi,</span> <span class='ocrx_word' id='word_1_144' title='bbox 785 2708 934 2773; x_wconf 89' lang='lat' dir='ltr'>lectiones</span> <span class='ocrx_word' id='word_1_145' title='bbox 958 2708 996 2771; x_wconf 92' lang='lat' dir='ltr'>de</span> <span class='ocrx_word' id='word_1_146' title='bbox 1019 2710 1209 2772; x_wconf 86' lang='lat' dir='ltr'>testamento</span> <span class='ocrx_word' id='word_1_147' title='bbox 1232 2706 1332 2770; x_wconf 90' lang='lat' dir='ltr'>ueteri</span> <span class='ocrx_word' id='word_1_148' title='bbox 1351 2723 1394 2767; x_wconf 89' lang='lat' dir='ltr'>re-</span> <span class='ocrx_word' id='word_1_149' title='bbox 1503 2716 1504 2753; x_wconf 74' lang='lat'>1</span> 
     </span>
    </p>
   </div>
   <div class='ocr_carea' id='block_1_8' title="bbox 206 2808 1393 3626">
    <p class='ocr_par' dir='ltr' id='par_1_8' title="bbox 206 2808 1393 3206">
     <span class='ocr_line' id='line_1_21' title="bbox 206 2808 1393 2894; baseline 0 -21"><span class='ocrx_word' id='word_1_150' title='bbox 206 2835 232 2873; x_wconf 75' lang='lat'>20</span> <span class='ocrx_word' id='word_1_151' title='bbox 259 2811 405 2890; x_wconf 87' lang='lat' dir='ltr'>citantur,</span> <span class='ocrx_word' id='word_1_152' title='bbox 429 2811 510 2875; x_wconf 88' lang='lat' dir='ltr'>sicut</span> <span class='ocrx_word' id='word_1_153' title='bbox 533 2812 709 2894; x_wconf 83' lang='lat' dir='ltr'>frequenter</span> <span class='ocrx_word' id='word_1_154' title='bbox 732 2812 891 2892; x_wconf 90' lang='lat' dir='ltr'>admonui,</span> <span class='ocrx_word' id='word_1_155' title='bbox 915 2831 978 2876; x_wconf 91' lang='lat' dir='ltr'>non</span> <span class='ocrx_word' id='word_1_156' title='bbox 1000 2812 1059 2876; x_wconf 88' lang='lat' dir='ltr'>hoc</span> <span class='ocrx_word' id='word_1_157' title='bbox 1082 2812 1184 2876; x_wconf 89' lang='lat' dir='ltr'>solum</span> <span class='ocrx_word' id='word_1_158' title='bbox 1205 2810 1326 2874; x_wconf 87' lang='lat' dir='ltr'>debetis</span> <span class='ocrx_word' id='word_1_159' title='bbox 1345 2808 1393 2872; x_wconf 86' lang='lat' dir='ltr'>ad-</span> 
     </span>
     <span class='ocr_line' id='line_1_22' title="bbox 260 2914 1393 3000; baseline -0.004 -21"><span class='ocrx_word' id='word_1_160' title='bbox 260 2915 396 2995; x_wconf 86' lang='lat' dir='ltr'>tendere,</span> <span class='ocrx_word' id='word_1_161' title='bbox 420 2915 501 2997; x_wconf 91' lang='lat' dir='ltr'>quod</span> <span class='ocrx_word' id='word_1_162' title='bbox 525 2920 615 2980; x_wconf 88' lang='lat' dir='ltr'>sonat</span> <span class='ocrx_word' id='word_1_163' title='bbox 637 2917 668 2980; x_wconf 90' lang='lat' dir='ltr'>in</span> <span class='ocrx_word' id='word_1_164' title='bbox 692 2917 799 2997; x_wconf 91' lang='lat' dir='ltr'>uerbo,</span> <span class='ocrx_word' id='word_1_165' title='bbox 823 2917 877 2980; x_wconf 90' lang='lat' dir='ltr'>sed</span> <span class='ocrx_word' id='word_1_166' title='bbox 898 2916 980 2998; x_wconf 89' lang='lat' dir='ltr'>qnod</span> <span class='ocrx_word' id='word_1_167' title='bbox 1001 2916 1194 3000; x_wconf 85' lang='lat' dir='ltr'>intellegitur</span> <span class='ocrx_word' id='word_1_168' title='bbox 1215 2919 1247 2980; x_wconf 88' lang='lat' dir='ltr'>et</span> <span class='ocrx_word' id='word_1_169' title='bbox 1266 2915 1349 2998; x_wconf 89' lang='lat' dir='ltr'>sapit</span> <span class='ocrx_word' id='word_1_170' title='bbox 1365 2914 1393 2976; x_wconf 88' lang='lat' dir='ltr'>in</span> 
     </span>
     <span class='ocr_line' id='line_1_23' title="bbox 260 3017 1392 3102; baseline -0.004 -18"><span class='ocrx_word' id='word_1_171' title='bbox 260 3019 378 3102; x_wconf 88' lang='lat' dir='ltr'>spiritu.</span> <span class='ocrx_word' id='word_1_172' title='bbox 418 3021 461 3082; x_wconf 91' lang='lat' dir='ltr'>sio</span> <span class='ocrx_word' id='word_1_173' title='bbox 485 3024 516 3083; x_wconf 91' lang='lat' dir='ltr'>et</span> <span class='ocrx_word' id='word_1_174' title='bbox 539 3022 697 3102; x_wconf 90' lang='lat' dir='ltr'>apostolus</span> <span class='ocrx_word' id='word_1_175' title='bbox 721 3026 900 3085; x_wconf 91' lang='lat' dir='ltr'>commonet</span> <span class='ocrx_word' id='word_1_176' title='bbox 923 3039 980 3085; x_wconf 87' lang='lat' dir='ltr'>nos</span> <span class='ocrx_word' id='word_1_177' title='bbox 1002 3021 1123 3084; x_wconf 88' lang='lat' dir='ltr'>dicens:</span> <span class='ocrx_word' id='word_1_178' title='bbox 1154 3021 1286 3084; x_wconf 88' lang='lat' dir='ltr'>littera</span> <span class='ocrx_word' id='word_1_179' title='bbox 1308 3017 1392 3081; x_wconf 89' lang='lat' dir='ltr'>occi·</span> 
     </span>
     <span class='ocr_line' id='line_1_24' title="bbox 260 3122 1392 3206; baseline -0.003 -20"><span class='ocrx_word' id='word_1_180' title='bbox 260 3124 326 3202; x_wconf 90' lang='lat' dir='ltr'>dit,</span> <span class='ocrx_word' id='word_1_181' title='bbox 350 3125 507 3206; x_wconf 89' lang='lat' dir='ltr'>spiritus</span> <span class='ocrx_word' id='word_1_182' title='bbox 532 3129 655 3188; x_wconf 89' lang='lat' dir='ltr'>autem</span> <span class='ocrx_word' id='word_1_183' title='bbox 679 3127 863 3189; x_wconf 82' lang='lat' dir='ltr'>nidificat.</span> <span class='ocrx_word' id='word_1_184' title='bbox 904 3127 981 3189; x_wconf 91' lang='lat' dir='ltr'>haec</span> <span class='ocrx_word' id='word_1_185' title='bbox 1007 3125 1091 3188; x_wconf 89' lang='lat' dir='ltr'>enim</span> <span class='ocrx_word' id='word_1_186' title='bbox 1114 3124 1232 3204; x_wconf 88' lang='lat' dir='ltr'>omnia,</span> <span class='ocrx_word' id='word_1_187' title='bbox 1262 3122 1392 3205; x_wconf 92' lang='lat' dir='ltr'>quaein</span> 
     </span>
    </p>

    <p class='ocr_par' dir='ltr' id='par_1_9' title="bbox 207 3215 1393 3626">
     <span class='ocr_line' id='line_1_25' title="bbox 230 3215 1393 3313; baseline -0.004 -21"><span class='ocrx_word' id='word_1_188' title='bbox 230 3215 357 3292; x_wconf 85' lang='lat' dir='ltr'>&#39;ueteri</span> <span class='ocrx_word' id='word_1_189' title='bbox 389 3233 578 3294; x_wconf 85' lang='lat' dir='ltr'>testamento</span> <span class='ocrx_word' id='word_1_190' title='bbox 610 3231 766 3313; x_wconf 89' lang='lat' dir='ltr'>leguntur,</span> <span class='ocrx_word' id='word_1_191' title='bbox 798 3231 880 3294; x_wconf 87' lang='lat' dir='ltr'>siout</span> <span class='ocrx_word' id='word_1_192' title='bbox 906 3231 982 3294; x_wconf 91' lang='lat' dir='ltr'>dicit</span> <span class='ocrx_word' id='word_1_193' title='bbox 1008 3230 1178 3313; x_wconf 69' lang='lat' dir='ltr'>apostolus</span> <span class='ocrx_word' id='word_1_194' title='bbox 1210 3229 1247 3292; x_wconf 91' lang='lat' dir='ltr'>in</span> <span class='ocrx_word' id='word_1_195' title='bbox 1276 3229 1393 3311; x_wconf 82' lang='lat' dir='ltr'>ligura</span> 
     </span>
     <span class='ocr_line' id='line_1_26' title="bbox 207 3334 1389 3418; baseline -0.003 -21"><span class='ocrx_word' id='word_1_196' title='bbox 207 3357 233 3397; x_wconf 78' lang='lat' dir='ltr'>aa</span> <span class='ocrx_word' id='word_1_197' title='bbox 259 3334 531 3417; x_wconf 87' lang='lat' dir='ltr'>contingebant</span> <span class='ocrx_word' id='word_1_198' title='bbox 560 3335 654 3414; x_wconf 84' lang='lat' dir='ltr'>illie,</span> <span class='ocrx_word' id='word_1_199' title='bbox 685 3336 828 3418; x_wconf 86' lang='lat' dir='ltr'>scripta</span> <span class='ocrx_word' id='word_1_200' title='bbox 858 3339 947 3399; x_wconf 90' lang='lat' dir='ltr'>suut</span> <span class='ocrx_word' id='word_1_201' title='bbox 980 3338 1103 3399; x_wconf 91' lang='lat' dir='ltr'>autem</span> <span class='ocrx_word' id='word_1_202' title='bbox 1136 3336 1291 3416; x_wconf 85' lang='lat' dir='ltr'>propter</span> <span class='ocrx_word' id='word_1_203' title='bbox 1321 3349 1389 3396; x_wconf 91' lang='lat' dir='ltr'>nos.</span> 
     </span>
     <span class='ocr_line' id='line_1_27' title="bbox 259 3435 1390 3523; baseline -0.004 -23"><span class='ocrx_word' id='word_1_204' title='bbox 259 3457 331 3501; x_wconf 90' lang='lat' dir='ltr'>cnm</span> <span class='ocrx_word' id='word_1_205' title='bbox 366 3439 449 3502; x_wconf 92' lang='lat' dir='ltr'>enim</span> <span class='ocrx_word' id='word_1_206' title='bbox 481 3437 675 3502; x_wconf 82' lang='lat' dir='ltr'>Christianus</span> <span class='ocrx_word' id='word_1_207' title='bbox 709 3440 843 3523; x_wconf 90' lang='lat' dir='ltr'>populus</span> <span class='ocrx_word' id='word_1_208' title='bbox 873 3439 1007 3502; x_wconf 84' lang='lat' dir='ltr'>fideliter</span> <span class='ocrx_word' id='word_1_209' title='bbox 1037 3437 1076 3501; x_wconf 88' lang='lat' dir='ltr'>ad</span> <span class='ocrx_word' id='word_1_210' title='bbox 1106 3437 1273 3502; x_wconf 87' lang='lat' dir='ltr'>ecclesiam</span> <span class='ocrx_word' id='word_1_211' title='bbox 1302 3435 1390 3511; x_wconf 86' lang='lat' dir='ltr'>uenit,</span> 
     </span>
     <span class='ocr_line' id='line_1_28' title="bbox 259 3542 1390 3626; baseline -0.004 -20"><span class='ocrx_word' id='word_1_212' title='bbox 259 3543 332 3623; x_wconf 89' lang='lat' dir='ltr'>quid</span> <span class='ocrx_word' id='word_1_213' title='bbox 346 3543 373 3606; x_wconf 88' lang='lat' dir='ltr'>ei</span> <span class='ocrx_word' id='word_1_214' title='bbox 385 3543 520 3626; x_wconf 90' lang='lat' dir='ltr'>prodest,</span> <span class='ocrx_word' id='word_1_215' title='bbox 537 3544 618 3625; x_wconf 94' lang='lat' dir='ltr'>qnod</span> <span class='ocrx_word' id='word_1_216' title='bbox 630 3544 726 3624; x_wconf 89' lang='lat' dir='ltr'>audit,</span> <span class='ocrx_word' id='word_1_217' title='bbox 743 3544 876 3625; x_wconf 80' lang='lat' dir='ltr'>qualiter</span> <span class='ocrx_word' id='word_1_218' title='bbox 892 3543 994 3607; x_wconf 90' lang='lat' dir='ltr'>sancti</span> <span class='ocrx_word' id='word_1_219' title='bbox 1008 3542 1203 3624; x_wconf 85' lang='lat' dir='ltr'>patriarchae</span> <span class='ocrx_word' id='word_1_220' title='bbox 1219 3544 1274 3606; x_wconf 88' lang='lat' dir='ltr'>aut</span> <span class='ocrx_word' id='word_1_221' title='bbox 1288 3557 1390 3604; x_wconf 78' lang='lat' dir='ltr'>uxores</span> 
     </span>
    </p>
   </div>
   <div class='ocr_carea' id='block_1_9' title="bbox 363 3756 920 3826">
    <p class='ocr_par' dir='ltr' id='par_1_10' title="bbox 363 3756 920 3826">
     <span class='ocr_line' id='line_1_29' title="bbox 363 3756 920 3826; baseline -0.004 -13"><span class='ocrx_word' id='word_1_222' title='bbox 363 3758 408 3826; x_wconf 84' lang='grc'>22]</span> <span class='ocrx_word' id='word_1_223' title='bbox 428 3761 444 3813; x_wconf 98' lang='grc'>2</span> <span class='ocrx_word' id='word_1_224' title='bbox 463 3757 520 3812; x_wconf 81' lang='lat' dir='ltr'>Cor.</span> <span class='ocrx_word' id='word_1_225' title='bbox 534 3761 559 3823; x_wconf 88' lang='lat'>3,</span> <span class='ocrx_word' id='word_1_226' title='bbox 572 3760 596 3813; x_wconf 82' lang='lat'>6.</span> <span class='ocrx_word' id='word_1_227' title='bbox 651 3757 696 3826; x_wconf 83' lang='grc'>24]</span> <span class='ocrx_word' id='word_1_228' title='bbox 717 3761 729 3814; x_wconf 93' lang='lat'>1</span> <span class='ocrx_word' id='word_1_229' title='bbox 750 3756 810 3812; x_wconf 89' lang='lat' dir='ltr'>Cor.</span> <span class='ocrx_word' id='word_1_230' title='bbox 825 3761 865 3823; x_wconf 86' lang='grc'>10,</span> <span class='ocrx_word' id='word_1_231' title='bbox 880 3761 920 3814; x_wconf 89' lang='lat'>11.</span> 
     </span>
    </p>
   </div>
   <div class='ocr_carea' id='block_1_10' title="bbox 259 3950 1389 4200">
    <p class='ocr_par' dir='ltr' id='par_1_11' title="bbox 259 3950 1389 4200">
     <span class='ocr_line' id='line_1_30' title="bbox 303 3950 1389 4026; baseline -0.009 -12"><span class='ocrx_word' id='word_1_232' title='bbox 303 3958 430 4026; x_wconf 72' lang='lat' dir='ltr'>tetiam]</span> <span class='ocrx_word' id='word_1_233' title='bbox 449 3957 477 4010; x_wconf 89' lang='lat' dir='ltr'>in</span> <span class='ocrx_word' id='word_1_234' title='bbox 495 3958 558 4012; x_wconf 78' lang='lat' dir='ltr'>add.</span> <span class='ocrx_word' id='word_1_235' title='bbox 579 3959 608 4011; x_wconf 89' lang='lat' dir='ltr'><em>D</em></span> <span class='ocrx_word' id='word_1_236' title='bbox 660 3957 788 4026; x_wconf 86' lang='lat' dir='ltr'>3positis</span> <span class='ocrx_word' id='word_1_237' title='bbox 807 3959 836 4011; x_wconf 89' lang='lat' dir='ltr'><em>D</em></span> <span class='ocrx_word' id='word_1_238' title='bbox 888 3956 1093 4012; x_wconf 77' lang='lat' dir='ltr'>bbabtizan&#39;D</span> <span class='ocrx_word' id='word_1_239' title='bbox 1145 3955 1267 4010; x_wconf 85' lang='lat' dir='ltr'>offereD</span> <span class='ocrx_word' id='word_1_240' title='bbox 1317 3950 1389 4008; x_wconf 76' lang='lat' dir='ltr'>ode</span> 
     </span>
     <span class='ocr_line' id='line_1_31' title="bbox 259 4043 1389 4112; baseline -0.003 -14"><span class='ocrx_word' id='word_1_241' title='bbox 259 4045 370 4099; x_wconf 85' lang='lat' dir='ltr'>feratD</span> <span class='ocrx_word' id='word_1_242' title='bbox 423 4046 592 4112; x_wconf 87' lang='lat' dir='ltr'>magnamD</span> <span class='ocrx_word' id='word_1_243' title='bbox 645 4043 885 4099; x_wconf 75' lang='lat' dir='ltr'>ddesimulantD</span> <span class='ocrx_word' id='word_1_244' title='bbox 941 4046 971 4100; x_wconf 86' lang='grc'>10</span> <span class='ocrx_word' id='word_1_245' title='bbox 984 4044 1029 4112; x_wconf 89' lang='lat' dir='ltr'>qui</span> <span class='ocrx_word' id='word_1_246' title='bbox 1041 4045 1122 4112; x_wconf 74' lang='lat' dir='ltr'>Aug,</span> <span class='ocrx_word' id='word_1_247' title='bbox 1140 4043 1235 4098; x_wconf 76' lang='lat' dir='ltr'>naal)</span> <span class='ocrx_word' id='word_1_248' title='bbox 1288 4043 1317 4096; x_wconf 95' lang='lat' dir='ltr'>ll</span> <span class='ocrx_word' id='word_1_249' title='bbox 1331 4053 1389 4106; x_wconf 76' lang='lat'><strong>(11¹⁸-</strong></span> 
     </span>
     <span class='ocr_line' id='line_1_32' title="bbox 259 4125 1389 4200; baseline -0.009 -16"><span class='ocrx_word' id='word_1_250' title='bbox 259 4131 429 4200; x_wconf 81' lang='lat' dir='ltr'>dragensima</span> <span class='ocrx_word' id='word_1_251' title='bbox 447 4133 476 4186; x_wconf 89' lang='lat' dir='ltr'><em>D</em></span> <span class='ocrx_word' id='word_1_252' title='bbox 539 4129 691 4185; x_wconf 86' lang='lat' dir='ltr'>babtizandi</span> <span class='ocrx_word' id='word_1_253' title='bbox 711 4132 740 4185; x_wconf 88' lang='lat' dir='ltr'><strong><em>D</em></strong></span> <span class='ocrx_word' id='word_1_254' title='bbox 804 4131 883 4184; x_wconf 86' lang='lat' dir='ltr'>offere</span> <span class='ocrx_word' id='word_1_255' title='bbox 902 4132 931 4185; x_wconf 85' lang='grc'>1)</span> <span class='ocrx_word' id='word_1_256' title='bbox 997 4132 1029 4184; x_wconf 88' lang='grc'>13</span> <span class='ocrx_word' id='word_1_257' title='bbox 1047 4129 1193 4199; x_wconf 87' lang='lat' dir='ltr'>acciperint</span> <span class='ocrx_word' id='word_1_258' title='bbox 1211 4131 1246 4192; x_wconf 87' lang='lat' dir='ltr'>D,</span> <span class='ocrx_word' id='word_1_259' title='bbox 1268 4125 1389 4195; x_wconf 85' lang='lat' dir='ltr'>accipient</span> 
     </span>
    </p>
   </div>
   <div class='ocr_carea' id='block_1_11' title="bbox 260 4199 1504 4289">
    <p class='ocr_par' dir='ltr' id='par_1_12' title="bbox 260 4199 1504 4289">
     <span class='ocr_line' id='line_1_33' title="bbox 260 4199 1504 4289; baseline -0.004 -16"><span class='ocrx_word' id='word_1_260' title='bbox 260 4221 331 4289; x_wconf 72' lang='lat' dir='ltr'>dap.</span> <span class='ocrx_word' id='word_1_261' title='bbox 393 4217 519 4272; x_wconf 87' lang='lat' dir='ltr'>babtismi</span> <span class='ocrx_word' id='word_1_262' title='bbox 539 4220 568 4273; x_wconf 88' lang='lat' dir='ltr'><strong><em>D</em></strong></span> <span class='ocrx_word' id='word_1_263' title='bbox 631 4220 663 4274; x_wconf 89' lang='lat'>18</span> <span class='ocrx_word' id='word_1_264' title='bbox 681 4199 752 4287; x_wconf 60' lang='lat' dir='ltr'>incip</span> <span class='ocrx_word' id='word_1_265' title='bbox 771 4217 803 4271; x_wconf 90' lang='lat' dir='ltr'>de</span> <span class='ocrx_word' id='word_1_266' title='bbox 822 4217 865 4272; x_wconf 65' lang='lat' dir='ltr'>sc‘b</span> <span class='ocrx_word' id='word_1_267' title='bbox 883 4218 975 4286; x_wconf 87' lang='lat' dir='ltr'>ioseph</span> <span class='ocrx_word' id='word_1_268' title='bbox 992 4216 1106 4285; x_wconf 86' lang='lat' dir='ltr'>epistula</span> <span class='ocrx_word' id='word_1_269' title='bbox 1123 4215 1234 4271; x_wconf 87' lang='lat' dir='ltr'>faustini</span> <span class='ocrx_word' id='word_1_270' title='bbox 1252 4217 1294 4282; x_wconf 90' lang='lat' dir='ltr'>D,·</span> <span class='ocrx_word' id='word_1_271' title='bbox 1309 4215 1388 4268; x_wconf 66' lang='lat' dir='ltr'>catal</span> <span class='ocrx_word' id='word_1_272' title='bbox 1503 4234 1504 4257; x_wconf 69' lang='lat' dir='ltr'>r</span> 
     </span>
    </p>
   </div>
   <div class='ocr_carea' id='block_1_12' title="bbox 259 4296 1389 4448">
    <p class='ocr_par' dir='ltr' id='par_1_13' title="bbox 259 4266 1504 4448">
     <span class='ocr_line' id='line_1_34' title="bbox 259 4296 1389 4374; baseline -0.012 -12"><span class='ocrx_word' id='word_1_273' title='bbox 259 4309 303 4362; x_wconf 84' lang='lat' dir='ltr'>bic</span> <span class='ocrx_word' id='word_1_274' title='bbox 320 4323 405 4362; x_wconf 67' lang='lat' dir='ltr'>ammo</span> <span class='ocrx_word' id='word_1_275' title='bbox 424 4307 494 4360; x_wconf 75' lang='lat' dir='ltr'>irater</span> <span class='ocrx_word' id='word_1_276' title='bbox 512 4306 662 4374; x_wconf 67' lang='lat' dir='ltr'>dopretiat</span> <span class='ocrx_word' id='word_1_277' title='bbox 680 4323 812 4360; x_wconf 80' lang='lat' dir='ltr'>aeraroraea</span> <span class='ocrx_word' id='word_1_278' title='bbox 830 4305 927 4360; x_wconf 82' lang='lat' dir='ltr'>dobiae</span> <span class='ocrx_word' id='word_1_279' title='bbox 945 4309 980 4358; x_wconf 84' lang='lat'>13</span> <span class='ocrx_word' id='word_1_280' title='bbox 998 4305 1052 4371; x_wconf 78' lang='lat'>(39,</span> <span class='ocrx_word' id='word_1_281' title='bbox 1064 4307 1133 4357; x_wconf 86' lang='lat'><em>1765</em></span> <span class='ocrx_word' id='word_1_282' title='bbox 1144 4305 1198 4372; x_wconf 86' lang='grc' dir='ltr'>Μ.)</span> <span class='ocrx_word' id='word_1_283' title='bbox 1266 4303 1297 4356; x_wconf 87' lang='grc'>21</span> <span class='ocrx_word' id='word_1_284' title='bbox 1319 4296 1389 4351; x_wconf 80' lang='lat' dir='ltr'>sonat</span> 
     </span>
     <span class='ocr_line' id='line_1_35' title="bbox 261 4391 686 4448; baseline -0.005 0"><span class='ocrx_word' id='word_1_285' title='bbox 261 4409 293 4448; x_wconf 77' lang='lat' dir='ltr'>ec</span> <span class='ocrx_word' id='word_1_286' title='bbox 312 4395 383 4446; x_wconf 88' lang='lat' dir='ltr'>serat</span> <span class='ocrx_word' id='word_1_287' title='bbox 401 4393 430 4447; x_wconf 86' lang='lat' dir='ltr'><em>D</em></span> <span class='ocrx_word' id='word_1_288' title='bbox 482 4394 516 4446; x_wconf 89' lang='grc'>22</span> <span class='ocrx_word' id='word_1_289' title='bbox 534 4391 639 4446; x_wconf 86' lang='lat' dir='ltr'>litterra</span> <span class='ocrx_word' id='word_1_290' title='bbox 657 4392 686 4446; x_wconf 89' lang='lat' dir='ltr'><em>D</em></span> 
     </span>
    </p>
   </div>
   <div class='ocr_carea' id='block_1_13' title="bbox 0 0 1554 4892">
    <p class='ocr_par' dir='ltr' id='par_1_14' title="bbox 0 0 1554 4892">
     <span class='ocr_line' id='line_1_36' title="bbox 0 0 1554 4892; baseline 0 0"><span class='ocrx_word' id='word_1_291' title='bbox 0 0 1554 4892; x_wconf 95' lang='lat' dir='ltr'> </span> 
     </span>
    </p>
   </div>
  </div>
 </body>
</html>
