3100 4892
284 447 350 512 384
788 447 915 501 Ruricii

284 624 317 686 in
340 624 466 705 speculo
489 623 550 687 mei
573 623 674 686 cordis
697 623 831 702 intuear,
855 641 948 704 quam
964 623 1028 687 iilic
1043 625 1109 687 tam
1125 623 1240 686 caritas
1255 621 1405 704 perfectam

285 726 432 809 depinxit,
463 729 499 790 ut
529 725 646 790 nulline
676 727 788 791 aetatis
818 727 920 810 possit
946 725 1100 792 obliuione
1129 726 1237 806 deleri,
1268 725 1337 808 quie
1356 725 1408 808 iugi

284 830 496 895 recordatione
518 831 687 894 momentis
711 830 844 914 singulis
868 831 998 896 innonat
1037 882 1044 894 .

326 935 397 999 Illic
426 935 512 999 enim
533 935 697 999 uobiscum
720 954 756 999 ex
781 935 1004 1000 consuetudine
1027 936 1153 1019 pietatis
1177 939 1301 1000 uestrae
1323 951 1409 998 secre-

244 1071 258 1111 ι
284 1039 347 1103 tius
377 1039 555 1120 conloquor,
586 1039 649 1103 iilic
676 1039 771 1104 etiam
803 1040 840 1104 de
864 1040 948 1105 uitae
972 1040 1109 1104 melioris
1131 1041 1326 1104 institutione
1351 1057 1408 1120 per·

284 1146 399 1224 tracto,
433 1143 495 1206 illic
529 1161 585 1207 uos
620 1142 713 1208 labiis
744 1144 860 1208 mentis
892 1145 1051 1210 exosculor
1081 1148 1112 1210 et
1143 1144 1291 1208 manibus
1323 1141 1408 1206 cordis

284 1247 466 1330 amplector.
511 1264 581 1338 quo,
594 1246 641 1327 fit,
672 1251 708 1311 ut
730 1266 806 1312 uera
829 1248 962 1330 dilectio,
993 1267 1072 1331 quae
1095 1250 1128 1313 in
1150 1247 1322 1312 uisceribus
1343 1246 1408 1310 meis

284 1351 358 1415 uine
380 1352 487 1415 uultus
510 1352 609 1416 uestri
630 1351 815 1436 figuratione
842 1353 978 1417 nutritur
1001 1357 1032 1417 et
1053 1353 1190 1437 igniculo
1214 1352 1348 1417 caritatis
1368 1367 1410 1414 eo·

283 1455 439 1536 cenditur,
477 1456 592 1520 amoris
630 1457 729 1520 uestri
766 1457 843 1521 mihi
880 1457 1127 1522 uicissitudinem
1160 1457 1353 1541 repromittat
1385 1457 1410 1517 et

233 1590 258 1630 ιο
283 1561 408 1624 animus
431 1579 519 1625 meus
542 1561 620 1624 mihi
643 1561 739 1625 animi
760 1562 859 1626 uestri
873 1561 1037 1626 fideiussor
1053 1563 1194 1642 adsistat,
1218 1562 1303 1641 dum,
1325 1575 1410 1642 quau·

284 1668 353 1729 tum
376 1665 453 1729 mihi
475 1664 513 1729 de
536 1664 625 1730 uobis
649 1683 849 1748 praesumere
873 1665 1015 1747 debeam,
1046 1666 1207 1730 conscium
1230 1669 1353 1730 mutuae
1372 1661 1411 1726 di·

283 1769 427 1833 lectionis
457 1773 566 1853 pectus
596 1771 762 1854 interrogo.
808 1771 890 1835 unde
921 1769 1076 1835 scribendi
1103 1770 1180 1836 mihi
1204 1771 1291 1834 aditu
1312 1767 1411 1834 oratio·

283 1873 375 1938 nibus
398 1875 511 1939 uestris
534 1875 663 1938 tandem
683 1874 850 1957 aliqnando
865 1879 1002 1940 reserato
1017 1876 1067 1939 his
1084 1875 1304 1940 salutationem
1319 1872 1411 1937 defero

284 1982 315 2043 et
344 1979 600 2044 intercessionem
630 1983 831 2063 peccatorum
861 1981 984 2062 requiro
1012 1979 1088 2045 illud
1111 1981 1238 2063 speciali
1259 1996 1346 2062 prece
1366 1976 1411 2039 de-

233 2112 257 2151 s
283 2102 426 2167 poscens,
456 2087 490 2149 ut
521 2085 566 2149 ita
595 2084 838 2149 misericordiam
869 2085 919 2149 dei
943 2085 1041 2150 nostri
1064 2085 1200 2149 adsiduis
1223 2081 1409 2167 petitionibus

283 2186 442 2272 flagitetis,
473 2191 509 2253 ut
538 2188 684 2253 omnibus
714 2188 825 2255 deletis
856 2209 896 2250 ee
927 2189 1007 2253 meis
1038 2193 1131 2272 etque
1154 2188 1300 2254 omnibus
1321 2184 1409 2270 opitu·

282 2291 420 2357 lantibus
443 2293 533 2357 uobis
556 2293 828 2358 consuetudinaria
850 2294 1017 2358 clementia
1032 2296 1064 2357 et
1078 2280 1202 2376 copiosa
1216 2291 1352 2358 bonitate
1365 2288 1410 2352 de-

282 2397 374 2478 lictis,
405 2398 465 2462 etsi
494 2414 557 2461 non
587 2397 626 2460 ad
656 2398 740 2462 idem
769 2397 960 2481 praemium,
995 2398 1102 2462 saltim
1132 2398 1171 2462 ad
1201 2396 1334 2462 eundem
1362 2409 1409 2456 nos

282 2505 408 2583 portum
430 2502 544 2584 quietis
560 2501 668 2566 iubeat
681 2503 854 2585 peruenire,
878 2505 921 2583 ut,
946 2505 1100 2585 quatenus
1116 2501 1167 2566 hie
1181 2505 1307 2586 propter
1322 2497 1409 2583 spatia

229 2633 255 2670 20
282 2605 446 2670 interiecta
467 2609 622 2670 terrarum
645 2607 742 2672 oculis
766 2606 902 2690 eorporis
927 2607 1052 2689 saepius
1075 2625 1131 2672 nos
1154 2607 1261 2672 uidere
1276 2623 1334 2670 non
1348 2619 1408 2686 pos·

283 2728 403 2790 sumus,
426 2711 477 2774 uel
500 2711 618 2775 ibidem
633 2711 672 2775 de
687 2714 798 2775 mutue
812 2711 990 2794 praesentia
1004 2712 1208 2795 gaudeamus,
1232 2714 1277 2790 ut,
1300 2705 1408 2791 quando

282 2814 370 2878 uobis
394 2832 412 2878 a
435 2815 517 2879 iusto
539 2815 640 2879 iudice
662 2815 852 2880 retribuetur
874 2833 988 2880 corona
1003 2815 1197 2897 meritorum,
1220 2814 1299 2879 mibi
1314 2832 1331 2877 a
1344 2811 1407 2896 piis-

282 2917 361 2982 simo
383 2919 579 3001 redemptore
603 2923 635 2984 et
657 2921 808 2985 aduocato
824 2920 1053 3003 perfectissimo
1076 2921 1314 2986 commissorum
1328 2913 1407 2981 uenia

281 3041 344 3087 non
366 3027 507 3107 negetur.

229 3151 255 3192 rs
324 3127 396 3210 Ipse
419 3131 492 3193 ente
515 3129 664 3195 iudicium
686 3131 857 3213 peccatoris
881 3149 973 3214 agere
996 3131 1143 3214 dignetur
1165 3147 1302 3209 causam,
1325 3145 1360 3191 ne
1380 3124 1406 3188 in

280 3230 393 3296 iudicio
423 3233 535 3316 puniat
564 3235 699 3318 culpam,
731 3234 805 3317 quia
834 3235 922 3299 nouit
952 3235 1065 3318 quippe
1089 3235 1288 3317 omnipotens
1310 3249 1362 3296 nee
1381 3229 1407 3291 in

280 3333 421 3401 bonitate
444 3337 628 3403 clementiae
651 3339 759 3403 iudicii
781 3339 909 3422 perdere
932 3339 1096 3403 ueritatem
1120 3339 1233 3402 necin
1256 3335 1354 3401 iudicii
1367 3351 1408 3396 so·

281 3440 414 3505 ueritate
436 3434 620 3507 clementiae
642 3444 787 3508 amittere
805 3443 989 3508 bonitatem.
1026 3446 1058 3506 et
1073 3442 1142 3508 ideo
1157 3460 1212 3526 per
1228 3439 1407 3506 ineffabilem

280 3545 511 3610 misericordiae
534 3564 570 3610 ac
591 3547 717 3611 uirtutis
741 3547 954 3630 operationem
977 3545 1067 3611 uobis
1090 3549 1252 3630 praestare
1268 3545 1407 3629 dignemr,

327 3698 443 3756 lillav
511 3699 540 3754 te
559 3702 589 3768 S,
608 3705 688 3756 tuae
752 3701 897 3772 perfectam
915 3703 1022 3772 scripsi,
1041 3701 1192 3770 perfectae
1257 3693 1409 3756 enuduss

280 3785 414 3841 obliuione
431 3788 550 3857 possita
614 3787 790 3857 3singuliS
855 3787 1003 3858 iquodS
1064 3789 1257 3844 9amortisS
1316 3781 1406 3839 uicissi-

279 3873 421 3930 tudineS
489 3874 700 3930 uicissitudinem
728 3876 837 3931 mihis
908 3876 1166 3946 11presu1neres
1238 3867 1409 3929 eonstiumd

282 3963 314 4016 13
332 3961 435 4016 henco
489 3965 521 4018 15
538 3965 570 4016 ut
587 3963 627 4016 ite
643 3964 749 4032 scripsi,
767 3961 796 4016 id
816 3979 831 4016 a
850 3963 941 4031 SKr.,
959 3966 1023 4018 ute
1076 3961 1257 4017 miserieordic
1270 3963 1299 4030 S,
1316 3955 1406 4014 miseri·

279 4047 371 4101 cordia
387 4049 438 4103 Kr.
494 4050 527 4104 16
549 4051 580 4101 ut
597 4067 684 4105 omo
735 4049 830 4104 deletis
847 4051 909 4118 Ka,
933 4049 1084 4106 delictisS
1133 4050 1262 4106 boarum
1283 4043 1405 4104 {adiecit

279 4142 303 4188 et
326 4135 475 4189 commissis
496 4137 619 4206 suppleri
641 4137 722 4192 irmoit
742 4137 796 4192 Kc.
869 4139 901 4194 18
923 4136 1006 4205 idem]
1029 4136 1143 4191 eundem
1163 4138 1193 4206 S,
1215 4139 1328 4206 sortasse
1345 4136 1406 4188 rede

279 4224 314 4276 20
340 4237 388 4275 nos
413 4241 438 4293 e,
464 4223 569 4278 nens
636 4224 668 4278 21
696 4223 877 4291 presentieS
945 4226 978 4279 22
1005 4223 1207 4280 retribuaturo
1277 4215 1406 4278 coronis

280 4311 314 4363 23
333 4311 486 4366 euocatos
535 4308 738 4366 ommissordS
788 4313 822 4366 25
841 4309 1010 4367 iuditiumS
1066 4313 1100 4366 26
1116 4311 1213 4381 puniat
1229 4329 1263 4368 ec
1279 4311 1356 4380 ponat
1371 4304 1404 4360 δ’

280 4395 314 4447 27
332 4393 465 4450 iuditiiS
515 4412 548 4449 ne
567 4397 605 4452 δ’
658 4397 686 4451 in
704 4413 785 4451 enar
838 4396 971 4452 iuditiiS
