3100 4892
581 440 677 495 Liber
694 442 708 495 1
728 444 836 497 16-17.
1240 441 1282 507 53

145 618 232 697 ditur,
260 618 384 682 sinere
408 618 553 701 indignis,
577 634 770 698 consequens
798 619 855 697 cst,
879 619 915 680 ut
937 617 1032 681 etiarn
1054 617 1192 699 reprobis
1220 636 1280 683 non

144 724 271 805 negetur
291 726 322 785 et
345 722 482 786 euidenti
504 722 701 785 miseratione
724 720 849 785 bonitas
872 720 921 784 dei
945 720 1110 785 indiscrete
1134 725 1166 785 et
1188 722 1280 786 iustis

143 830 172 890 et
193 825 410 910 peccatoribus
433 826 590 890 offeratur.

183 928 244 995 Sed
278 931 320 1010 is,
354 948 449 1011 quern
482 930 633 1013 perspicis
667 930 899 1010 adtrahentem,
933 931 1061 1011 requirit
1095 930 1281 994 omnimodis

142 1038 307 1117 praecepta
326 1038 515 1115 seruantem,
538 1038 574 1097 nt
592 1053 648 1117 per
667 1035 825 1117 quandam
846 1034 1016 1107 uoluntatis
1040 1035 1182 1099 ansulam
1206 1053 1281 1099 con·
1323 1061 1335 1099 ι

142 1139 290 1222 prehendi
313 1143 344 1203 et
367 1138 489 1203 adtrahi
513 1139 625 1218 ualeat,
658 1139 710 1220 qui
736 1142 874 1202 uocatur.
921 1139 1001 1220 quod
1032 1139 1057 1201 si
1089 1158 1160 1201 eum
1189 1142 1281 1221 putas

142 1244 304 1308 adtrahere
328 1244 480 1324 nolentes,
505 1243 632 1306 caelesti
656 1242 793 1306 iustitiae
814 1242 986 1325 iniquitatis
1006 1242 1127 1325 pondus
1148 1243 1281 1324 inponis,

142 1348 194 1411 sed
217 1347 245 1411 si
268 1347 427 1411 inuenitur
450 1347 611 1411 adtrahere
635 1348 788 1425 nolentes
812 1351 928 1429 quanto
952 1348 1052 1431 magis
1076 1348 1281 1430 conplectitur

143 1451 366 1516 desiderantes!
409 1452 611 1531 nemetiam,
635 1452 687 1533 qui
711 1452 778 1514 sine
801 1451 907 1515 labore
931 1451 1054 1516 uidetur
1078 1452 1210 1533 adtrahi,
1236 1452 1282 1515 la-

142 1556 304 1620 boraturus
329 1558 386 1634 est,
412 1559 449 1619 ut
470 1556 631 1619 inhaereat
653 1556 841 1619 adtrahcnti.
888 1556 997 1638 quanti
1021 1556 1103 1619 eninr
1126 1560 1282 1621 uenerunt
1309 1584 1334 1623 rr

144 1665 172 1724 et
192 1662 398 1740 recesserunt,
421 1660 494 1741 quia
516 1660 647 1723 adtracti
671 1660 702 1723 in
726 1660 829 1742 gratia
850 1678 1049 1743 perseuerare
1074 1659 1282 1725 desideratore

142 1768 270 1829 uocante
294 1766 470 1845 noluerunt,
494 1765 575 1828 sicut
597 1765 628 1828 in
654 1765 815 1848 euangelio
839 1765 989 1846 seriptum
1014 1770 1075 1827 est:
1106 1766 1216 1829 multi
1242 1784 1282 1829 ex

144 1869 338 1952 discipulis
369 1869 448 1932 eius
479 1869 674 1933 audientes
705 1867 881 1932 abierunt
911 1872 1116 1953 retrorsum
1147 1872 1183 1932 et
1209 1870 1281 1933 iarn

144 1992 221 2037 cnm
244 1974 311 2038 illo
334 1991 404 2037 non
429 1972 686 2053 ambulabant,
714 1974 806 2036 item:
835 1972 929 2036 dixit
957 1978 1079 2036 autem
1103 1972 1209 2035 lesus
1238 1973 1280 2035 ad

145 2078 344 2143 duodecim:
374 2078 551 2158 numquid
578 2081 613 2141 et
640 2095 704 2141 uos
732 2079 850 2141 uultis
879 2078 1001 2141 abire?
1029 2077 1223 2160 respondit
1250 2078 1281 2141 ei
1310 2104 1335 2145 rs

144 2182 287 2247 Petrus:
311 2182 472 2263 domine,
492 2181 536 2245 ad
551 2200 658 2263 quem
679 2182 839 2245 ibimus?
861 2182 973 2245 uerba
988 2182 1090 2245 uitae
1106 2186 1281 2245 aeternae

144 2286 254 2351 habes
278 2290 314 2350 et
334 2303 398 2350 nos
418 2286 600 2349 credimus
621 2290 657 2350 et
676 2288 934 2369 cognouimus,
956 2288 1040 2368 quia
1061 2290 1099 2350 tu
1120 2304 1156 2349 es
1179 2286 1282 2351 Chri-

145 2396 219 2455 stus
249 2391 356 2455 filius
386 2391 454 2455 dci.
499 2390 531 2454 in
558 2392 697 2472 utrisque
719 2389 820 2455 libera
841 2391 900 2455 luit
923 2390 1068 2455 uoluntas
1097 2390 1182 2453 etin
1208 2390 1280 2471 illis,

144 2500 177 2559 ut
193 2497 317 2580 ingrata
335 2500 442 2559 mente
462 2496 666 2577 discederent,
690 2499 721 2558 et
739 2496 770 2559 in
795 2496 873 2575 istis,
897 2500 933 2561 ut
952 2514 1024 2559 curn
1045 2494 1188 2559 libertate
1209 2493 1280 2559 fidei

145 2602 370 2681 permanerent.
1304 2626 1331 2667 ro

658 2774 759 2838 XVII.

145 2916 261 2959 conrad
277 2918 350 2977 noc,
370 2916 455 2967 Quor>
471 2918 596 2978 ulcun'r,
618 2917 693 2966 uma
708 2918 763 2958 Dur
780 2917 949 2959 UIOLENTIA
965 2918 1102 2959 lunuau‘r
1124 2917 1277 2975 floremus,

422 3006 464 3046 NE
486 3005 602 3047 maran
624 3005 750 3046 UAIAEA'P
773 3005 818 3046 An
842 3004 995 3047 sehusun.

186 3121 217 3187 si
241 3123 323 3204 ipse,
350 3126 386 3185 ut
411 3121 623 3205 blasphemas,
654 3121 800 3202 obdurat,
832 3121 985 3205 quomodo
1014 3123 1057 3185 ait
1083 3122 1115 3185 in
1141 3121 1278 3204 psalmo:

144 3224 250 3289 hodie
271 3227 303 3291 si
325 3243 452 3290 nocem
477 3226 556 3290 eius
579 3226 794 3307 audieritis,
823 3226 939 3291 nolite
964 3226 1145 3291 obdurare
1169 3226 1280 3289 eorda
1306 3252 1331 3293 ιι

145 3334 280 3411 nestra,
311 3330 496 3395 etiterum:
528 3330 728 3395 secundum
756 3331 934 3395 duritiam
965 3334 1088 3395 autem
1116 3333 1218 3393 tuam
1246 3332 1281 3395 et

143 3434 381 3517 inpaenitens
404 3453 465 3499 cor
484 3436 720 3499 thesaurizas
743 3434 813 3499 tibi
836 3434 927 3499 iram
951 3435 988 3499 in
1009 3435 1065 3498 die
1088 3435 1179 3515 irae,
1202 3435 1278 3497 item

144 3538 175 3601 in
201 3538 372 3604 Hieremia:
404 3540 631 3623 percussisti
661 3558 722 3603 eos
753 3543 790 3604 et
819 3557 890 3604 non
921 3539 1135 3619 doluerunt,
1168 3539 1279 3603 adtri-

144 3643 233 3707 uisti
254 3663 313 3709 eos
337 3648 374 3709 et
395 3648 627 3709 rennuerunt
651 3645 819 3728 accipere
843 3644 1093 3727 disciplinam.
1133 3644 1279 3707 indura·

143 3752 274 3812 uerunt
293 3748 409 3813 facies
433 3767 518 3813 suas
542 3767 652 3830 super
673 3752 817 3831 petram
842 3751 878 3812 et
901 3749 1102 3813 noluerunt
1123 3748 1276 3812 reuerti.
1304 3774 1330 3813 eo

246 3945 285 4015 12]
298 3945 391 4000 Ioann.
405 3948 429 4010 6,
442 3948 484 4001 67.
538 3946 582 4015 14]
596 3945 686 4001 loann.
700 3948 724 4009 6,
737 3948 778 4002 68.
833 3944 878 4014 25]
892 3944 1042 4009 Psalmtll,
1056 3948 1081 4001 8.
1136 3945 1181 4015 26]
1195 3944 1273 3999 ltom.

143 4032 167 4099 2,
179 4033 203 4087 5.
256 4032 299 4102 28]
317 4032 412 4087 Ierem.
426 4036 451 4098 5,
464 4036 488 4089 3.

185 4212 410 4281 hconpraehendi
424 4215 451 4269 P
504 4218 535 4270 lo
548 4213 668 4268 inhereat
681 4215 708 4268 P
760 4217 790 4270 ll
812 4214 960 4268 desiderare
975 4214 1002 4269 P
1055 4218 1087 4271 18
1103 4214 1238 4281 utrisqnae
1253 4214 1280 4267 P

144 4302 176 4354 22
192 4298 312 4355 indueret
328 4302 357 4355 P
424 4302 470 4370 24]
492 4300 672 4370 blasphemas]
695 4301 867 4372 blasphemus
891 4300 990 4357 uultv
1060 4304 1093 4357 28
1115 4300 1280 4369 atriuistiP

144 4386 177 4441 30
193 4401 304 4456 cupreo
361 4386 503 4444 noluereo
