3100 4892
246 421 311 485 244
696 421 760 476 1111.
780 422 890 476 Serme
908 425 932 477 6.

246 613 451 680 prouocemus
466 596 673 662 inimicorum.
689 601 853 681 propterea
867 597 925 661 hoc
941 597 1007 660 fieri
1019 597 1175 678 uolumus,
1191 597 1267 680 quia
1278 616 1388 662 omues

246 705 397 785 martyres
420 702 585 784 perlatam
608 701 869 784 perfectissimam
893 701 1057 766 caritatem
1072 702 1112 765 ad
1134 699 1282 767 coronam
1306 721 1389 766 mur-
1445 707 1449 718 “

246 807 317 889 tyrii
339 806 520 889 peruenisse
536 807 750 889 cognouimns,
773 806 856 888 quod
879 806 975 871 etiam
997 807 1029 870 iu
1052 805 1144 871 beato
1159 806 1318 889 Stephano
1342 808 1389 871 in-

244 913 365 994 pletum
394 929 462 975 esse
486 929 558 974 cum
584 911 704 994 ingenti
732 911 936 975 admiratione
962 911 1165 994 gaudeamus,
1211 911 1388 995 diligenter,

205 1043 218 1082 e
245 1033 371 1098 quaeso,
395 1015 563 1094 adtendite,
586 1015 709 1095 fratres,
733 1018 765 1078 et
787 1015 968 1099 intellegite,
992 1016 1065 1096 quia
1079 1016 1112 1078 in
1132 1014 1280 1079 omuibus
1296 1017 1388 1079 malis

244 1118 422 1184 hominibus
454 1119 532 1183 uitia
562 1119 665 1202 potius
695 1118 810 1184 habere
840 1119 910 1184 odio
941 1119 1107 1199 debemus,
1142 1137 1204 1183 non
1233 1119 1388 1200 homines,

244 1224 372 1308 diligere
399 1223 568 1303 hominem,
597 1223 697 1287 odisse
725 1223 847 1287 uitium.
893 1223 957 1288 noli
983 1228 1109 1306 propter
1136 1223 1298 1288 hominem
1322 1224 1389 1287 dili·

244 1347 317 1413 gere
341 1328 453 1392 uitium
476 1346 534 1391 nee
556 1331 681 1410 propter
701 1328 813 1391 uitium
829 1328 931 1392 odisse
953 1328 1123 1392 hominem.
1168 1327 1263 1392 homo
1286 1329 1390 1412 proxi·

245 1451 316 1497 mus
343 1436 416 1496 tuus
445 1436 503 1512 est,
531 1433 645 1497 uitium
672 1432 818 1496 inimicus
846 1432 1059 1514 estproximo
1087 1435 1150 1496 tuo.
1196 1435 1272 1496 tunc
1299 1451 1388 1497 arnas

194 1565 219 1604 11
245 1539 380 1601 amicum
411 1541 514 1617 tunm,
546 1537 572 1600 si
600 1535 700 1600 oderis
731 1537 855 1616 uitium,
887 1536 968 1618 qnod
997 1539 1090 1601 nocet
1117 1536 1216 1600 amico
1246 1541 1312 1600 tno.
1358 1537 1387 1600 si

243 1641 379 1721 credis,
395 1641 487 1705 bene
504 1641 613 1722 lauis,
635 1641 708 1723 quia
723 1641 848 1704 iustus
864 1660 904 1704 ex
920 1639 994 1704 fide
1010 1640 1117 1704 uiuit.
1146 1640 1227 1723 quod
1248 1640 1389 1704 abundat-

243 1747 275 1810 in
300 1733 393 1810 rebus
426 1746 582 1827 humanis,
613 1746 671 1810 hoe
697 1745 774 1810 dico.
825 1744 990 1826 aliquando
1017 1746 1117 1809 amieo
1144 1750 1198 1810 tuo
1225 1745 1387 1809 entissime

242 1851 388 1915 inimicus
424 1855 472 1914 est
507 1851 632 1932 reliquie,
667 1851 720 1932 qni
754 1854 821 1914 erat
853 1849 973 1913 amicus
1007 1849 1182 1914 amborum.
1233 1850 1389 1932 incipiunt

244 1973 312 2019 esse
335 1955 373 2019 de
395 1955 496 2018 tribus
519 1954 628 2018 amieis
651 1955 711 2019 dno
735 1955 815 2018 iuter
837 1974 871 2018 se
887 1955 1014 2018 inimici.
1050 1954 1124 2036 quid
1146 1954 1239 2018 faciat
1254 1955 1386 2032 medius,

193 2085 216 2126 is
243 2061 298 2143 qui
329 2061 500 2124 remansit?
550 2077 631 2124 unus
662 2079 697 2123 ex
730 2060 806 2139 illis,
837 2060 888 2140 qui
919 2078 953 2122 se
980 2058 1048 2123 odio
1078 2058 1210 2141 habent,
1241 2060 1322 2140 uult,
1353 2062 1388 2122 ut

243 2165 342 2229 oderis
366 2183 437 2228 cum
461 2164 524 2244 illo,
547 2182 641 2246 quem
660 2165 712 2228 ille
728 2162 799 2228 odio
821 2163 927 2244 habet,
948 2167 980 2228 et
1000 2163 1077 2228 haec
1099 2163 1196 2227 uerba
1217 2161 1276 2226 tibi
1299 2163 1387 2227 dicit:

243 2286 305 2332 non
325 2287 358 2332 es
375 2269 494 2332 amicus
517 2287 616 2348 mens,
640 2269 713 2349 quia
728 2287 761 2332 es
785 2269 904 2332 amicus
926 2268 1044 2333 inimici
1068 2268 1138 2332 mei.
1176 2270 1208 2330 et
1222 2267 1306 2350 quod
1328 2267 1386 2331 tibi

242 2373 318 2438 dicit
340 2373 399 2437 iste
423 2372 460 2436 de
483 2373 546 2454 illo,
569 2372 629 2437 hoc
651 2372 707 2437 tibi
730 2372 808 2437 dicit
830 2373 882 2436 ille
905 2372 944 2436 de
965 2372 1034 2436 isto.
1077 2375 1141 2436 tres
1172 2372 1256 2436 enim
1280 2373 1386 2450 eratis,

243 2479 303 2542 duo
326 2479 496 2559 coeperunt
519 2496 586 2541 esse
614 2477 770 2541 discordes
794 2481 827 2540 et
848 2477 1028 2542 remansisti
1050 2480 1085 2541 tu
1112 2477 1208 2540 solus.
1255 2476 1282 2540 si
1313 2477 1386 2542 huic

190 2606 216 2645 so
244 2585 275 2646 te
304 2581 451 2662 iunioris
485 2582 574 2645 illum
603 2581 671 2646 odio
700 2580 832 2647 habebis
861 2581 1034 2662 inimicum,
1069 2581 1095 2644 si
1128 2580 1184 2661 illi,
1217 2580 1325 2660 istum,
1360 2581 1387 2645 si

243 2684 406 2765 ambobus,
430 2685 522 2749 ambo
543 2685 795 2750 murmmabunt.
830 2704 901 2749 ecce
920 2687 1093 2768 temptatio.
1126 2688 1288 2767 exspectas
1304 2685 1386 2750 torte

243 2807 262 2853 a
283 2809 334 2854 me
358 2789 475 2870 audire,
498 2790 571 2872 quid
593 2789 700 2854 facias.
729 2808 878 2873 permane
898 2791 1017 2854 amicus
1037 2789 1211 2854 amborum.
1246 2790 1300 2871 qui
1322 2789 1386 2853 dis·

242 2893 370 2958 condant
392 2894 473 2958 iuter
496 2913 539 2975 se,
564 2893 751 2959 concordent
769 2913 826 2976 per
847 2897 888 2958 te.
934 2894 1017 2958 male
1040 2895 1066 2957 si
1088 2894 1193 2975 eliqua
1215 2894 1331 2958 audisti
1346 2893 1385 2958 ab

243 2998 392 3062 alterode
416 3000 523 3079 altero,
547 2999 611 3062 noli
633 2999 762 3082 prodere
786 2999 886 3079 alteri,
910 3018 949 3062 ne
972 3000 1051 3062 lorte
1073 3002 1183 3082 postea
1203 2999 1266 3062 sint
1281 2999 1385 3078 amici,

191 3128 216 3167 ss
242 3103 296 3184 qui
322 3103 414 3167 modo
441 3107 515 3167 suut
541 3103 670 3184 inimici,
698 3107 730 3167 et
756 3102 928 3186 proditores
956 3120 1028 3167 suos
1050 3102 1185 3185 prodant
1207 3101 1275 3166 sibi.

285 3206 344 3271 Sed
367 3207 426 3272 hoo
448 3210 573 3290 propter
596 3207 740 3272 homiues
763 3207 837 3287 dixi,
860 3225 923 3272 non
945 3210 1071 3291 propter
1094 3207 1200 3271 oculos
1223 3205 1281 3270 dei.
1313 3223 1384 3269 ecce

242 3329 333 3375 uerno
361 3315 392 3375 te
415 3312 518 3394 prodit
544 3311 611 3376 deo.
651 3311 728 3376 dens
758 3315 816 3392 est,
846 3312 959 3393 quite
985 3311 1087 3391 uidet,
1119 3311 1173 3393 qni
1199 3315 1231 3374 te
1257 3310 1382 3373 iudicat

242 3415 354 3478 audisti
383 3415 421 3480 ab
449 3417 529 3480 irato
557 3415 700 3496 uerbum,
732 3433 750 3480 a
779 3416 903 3479 dolente
930 3434 966 3479 ao
994 3419 1212 3479 succensente:
1244 3418 1384 3478 moretur

242 3521 273 3583 in
301 3523 342 3582 te.
388 3538 482 3601 quare
510 3521 665 3602 proditur,
694 3539 791 3603 quare
818 3521 994 3603 profertor?
1037 3537 1098 3583 non
1128 3520 1211 3584 euim
1238 3519 1265 3581 si
1292 3519 1323 3582 iu
1351 3523 1382 3580 te

239 3669 244 3674 ¹
348 3708 391 3777 11]
409 3708 500 3773 nee,
515 3712 553 3764 19.
610 3709 654 3778 11]
674 3709 760 3764 cuae.
775 3711 799 3774 a,
814 3713 844 3766 11
864 3709 898 3763 n.

287 3888 299 3940 l
312 3900 464 3955 gruocgmus
483 3885 512 3938 D
564 3883 692 3939 3baeuto
711 3885 740 3938 D
793 3889 922 3953 {equesen
941 3885 970 3938 D
1023 3883 1149 3952 dpntius
1167 3884 1197 3938 1)
1255 3883 1335 3937 hodio
1353 3883 1382 3938 D

241 3971 423 4027 thodisseD
475 3971 634 4024 sinimicus
646 3989 731 4040 serpro
743 3989 797 4026 ras.
811 3979 897 4027 enetct
910 3974 938 4026 in
953 3972 990 4039 D,
1008 3971 1148 4025 inimicum
1161 3972 1231 4042 Aug.
1288 3975 1319 4026 lo
1336 3986 1381 4024 no-

241 4061 284 4130 cet
301 4060 331 4113 D
388 4061 434 4112 tuo
453 4057 474 4109 si
493 4057 578 4111 credis
595 4075 681 4128 sopra
699 4077 752 4114 rae
772 4061 804 4113 in
823 4059 851 4112 D
909 4061 938 4114 ll
959 4058 1099 4112 habundat
1117 4061 1146 4112 D
1205 4062 1236 4114 15
1254 4058 1334 4112 hodio
1353 4058 1382 4112 D

242 4175 274 4227 ro
292 4171 355 4224 ons
372 4171 403 4225 n
460 4173 492 4226 re
511 4174 655 4240 caeperunt
672 4171 701 4226 n
757 4138 972 4226 1111111111)
1027 4170 1109 4224 nono
1127 4171 1157 4226 n
1208 4171 1335 4241 11111111.
1353 4171 1382 4224 n

240 4257 439 4359 26di1iAo9.,
458 4257 566 4313 diuitD
619 4260 653 4315 28
672 4258 793 4312 adolente
812 4260 842 4312 D
892 4261 1064 4312 succensente
1082 4259 1111 4312 D
1164 4259 1294 4311 moriatur
1310 4258 1379 4326 Aug.

241 4373 274 4424 29
294 4371 335 4422 sin
353 4370 382 4424 D
398 4370 424 4436 (i
442 4389 514 4425 man.
527 4373 587 4438 alt.)
