3100 4892
610 416 707 473 Liber
724 417 753 471 11
771 420 848 473 8-9.
1258 417 1299 481 ’Π

159 592 303 677 demptor
327 592 367 658 ad
388 594 476 657 illam
498 593 599 677 magis
619 592 790 677 imaginem
811 592 919 657 feeerit
937 592 1107 674 hominem,
1130 610 1225 675 qoam
1245 612 1300 675 per

159 698 314 782 uirginem
337 701 406 762 erat
426 697 649 781 adsumpturus
672 717 708 763 er
731 698 877 763 homine?
921 697 1081 781 persuasio
1104 697 1182 761 haeo
1201 716 1219 761 a
1235 697 1300 780 ple·

156 803 265 885 risque
287 803 456 885 profertur,
480 803 535 867 sed
558 804 642 867 omni
665 803 784 867 ratione
807 802 957 883 nodatur,
985 803 1058 884 quia
1079 802 1189 885 prioris
1212 802 1300 867 initia

157 908 329 991 imaginem
351 908 451 972 multo
472 908 651 991 posterioris
678 908 806 973 induere
833 907 919 971 nullo
946 906 1037 971 modo
1059 910 1200 989 possunt.
1245 910 1300 971 aut

158 1012 314 1094 quomodo
329 1012 468 1076 nondum
483 1013 579 1077 oreati
594 1012 831 1077 similitudinem
850 1013 887 1092 is,
908 1012 961 1094 qui
982 1010 1102 1093 primus
1125 1009 1298 1091 creabatur,
1338 1042 1351 1081 s

157 1116 334 1198 acciperet?
371 1117 452 1181 inter
471 1117 548 1181 haee
568 1116 688 1181 facilius
708 1116 768 1181 hou
788 1116 871 1180 orodi
889 1115 998 1198 possit,
1021 1119 1057 1179 ut
1072 1116 1110 1179 ad
1127 1116 1299 1181 seeundum

156 1220 263 1285 Adam
290 1223 409 1304 primus
431 1220 536 1286 Adam
561 1221 732 1305 imaginem
759 1238 849 1285 suam
871 1237 927 1303 pro
953 1219 1070 1285 ordinis
1093 1238 1129 1285 ae
1150 1220 1298 1303 temporis

156 1326 279 1391 ratione
305 1326 540 1391 transmitteret.
586 1325 715 1389 minime
742 1328 849 1389 autem
876 1324 943 1389 fieri
969 1327 1104 1406 poterat,
1135 1327 1170 1389 ut
1195 1325 1298 1408 imago

157 1430 298 1495 nondum
319 1431 477 1495 existentis
498 1429 691 1495 substantiae
710 1429 864 1495 diceretur
883 1431 920 1510 is,
943 1429 996 1512 qui
1016 1432 1088 1494 ante
1108 1432 1155 1493 tot
1175 1429 1300 1494 saecula

157 1534 363 1617 formabatur,
387 1539 418 1600 et
440 1534 609 1618 inprudens
636 1535 768 1599 assertio
790 1534 983 1617 probaretur,
1007 1537 1051 1615 ut,
1075 1534 1155 1598 siout
1181 1534 1298 1615 dieunt,
1327 1566 1351 1603 ιο

157 1640 371 1705 similitudinis
390 1644 549 1705 auctorem
568 1659 605 1705 ex
625 1640 745 1724 uirgine
760 1641 985 1724 procreandum
1006 1639 1213 1721 antiquissimi
1228 1656 1299 1721 pro·

157 1745 285 1827 toplasti
307 1762 440 1827 persona
461 1744 671 1827 praecederet.

199 1850 274 1913 Huo
304 1849 432 1929 aceedit,
463 1850 544 1932 quod
571 1850 708 1914 multum
736 1868 785 1914 res
815 1849 869 1913 illa
899 1848 1080 1913 humiliaret
1111 1848 1143 1912 in
1173 1848 1298 1912 homine

157 1955 279 2037 primae
308 1954 503 2019 innoeentiae
535 1954 644 2035 deous,
674 1954 701 2017 si
727 1953 936 2018 inmaeulatus
964 1954 1003 2017 ad
1030 1954 1187 2035 exemplar
1215 1952 1297 2017 illius

158 2057 337 2142 fingeretur,
361 2059 414 2141 qui
429 2059 585 2141 peccaturi
601 2061 667 2123 erat
682 2058 822 2122 maculas
843 2060 1016 2138 curaturus,
1040 2060 1084 2139 ut,
1105 2076 1177 2121 oum
1196 2059 1298 2121 trans·
1325 2086 1350 2127 15

157 2162 276 2246 gressio
307 2162 446 2228 nondum
474 2164 631 2243 existeret,
662 2162 724 2226 iam
754 2165 861 2227 tamen
889 2162 1144 2246 transgressionis
1173 2161 1297 2245 eulpam

158 2267 255 2332 futuri
280 2267 497 2333 intercessoris
522 2268 624 2333 forma
650 2267 831 2349 praeferret.
882 2284 1075 2349 consequens
1103 2267 1207 2349 itaque
1236 2284 1297 2330 non

158 2376 225 2436 erat
251 2375 506 2437 consummatum
533 2375 626 2455 atque
652 2371 827 2456 perlectum
856 2371 895 2435 ad
916 2372 1086 2455 imaginem
1112 2371 1196 2436 illius
1218 2370 1297 2452 fieri,

157 2494 212 2558 per
231 2495 327 2558 quem
346 2495 475 2541 neeesse
496 2480 563 2541 erat
581 2476 737 2559 perditum
759 2476 906 2559 reparari,
930 2494 968 2541 ne
992 2476 1049 2540 sub
1074 2476 1198 2540 nomine
1221 2494 1297 2539 uen-

158 2581 219 2645 turi
244 2581 357 2646 medioi
383 2583 415 2647 in
442 2582 509 2666 ipso
536 2586 676 2664 tempore
702 2581 800 2645 felicis
828 2580 943 2645 exordii
967 2580 1189 2662 subplantandi
1211 2580 1297 2644 uide·
1323 2610 1349 2649 ro

157 2687 242 2750 retur
272 2686 363 2750 ruina
392 2685 536 2768 praedioi.
580 2685 612 2750 id
644 2704 717 2769 ergo
748 2684 862 2750 rationi
890 2685 989 2769 magis
1017 2684 1172 2769 congruit,
1203 2684 1295 2749 utin

157 2788 291 2871 homine,
315 2792 364 2854 eui
386 2790 418 2853 in
437 2791 505 2872 ipsa
524 2790 727 2854 similitudine
743 2789 833 2854 adeo
853 2790 972 2875 gratiae
995 2808 1044 2855 res
1068 2789 1209 2871 traditur,
1234 2806 1294 2853 non

158 2897 296 2974 naturae,
318 2894 422 2978 imago
445 2894 503 2959 hou
525 2895 858 2977 potiusnunoupotur,
883 2894 965 2978 quod
988 2912 1006 2959 a
1028 2896 1128 2979 priore
1151 2898 1183 2959 et
1204 2912 1295 2977 supe-

157 2998 235 3063 riore
257 2999 434 3082 suseipitur,
458 3003 488 3063 et
510 3000 549 3064 de
572 3000 702 3064 ueritate
725 2999 896 3064 similitudo
915 3000 1011 3063 fuisso
1031 3000 1153 3064 conlata
1172 2998 1294 3080 plenius

158 3101 316 3185 iudicetur,
339 3122 435 3186 qnam
450 3108 556 3169 tamen
573 3122 645 3168 eum
660 3102 723 3170 filio
739 3104 874 3168 naturali
888 3108 977 3188 pater
992 3104 1057 3167 iure
1073 3103 1292 3168 communicat.
1321 3130 1346 3169 a.

159 3205 267 3271 deinde
284 3212 315 3272 et
329 3208 409 3273 illud
424 3208 587 3273 sollicitius
603 3209 830 3274 aduertendum
850 3211 907 3288 est,
928 3207 1010 3289 quod
1029 3207 1172 3271 dominus
1189 3212 1294 3271 noster

158 3309 245 3375 lesus
269 3311 411 3379 Christus
439 3313 471 3378 in
498 3313 599 3395 primo
626 3318 766 3397 tempore
795 3313 832 3377 de
860 3330 916 3377 sno
941 3312 1069 3377 meliora
1091 3312 1234 3393 eontulit,
1262 3313 1294 3375 in

159 3418 290 3482 seeundo
305 3420 413 3482 autem
428 3418 466 3481 de
482 3421 587 3483 nostro
602 3417 754 3483 deteriora
769 3418 914 3500 suscepit.
947 3420 979 3481 et
992 3422 1156 3501 propterea
1171 3416 1294 3499 quando

159 3538 196 3583 er
217 3521 313 3586 nihilo
336 3539 393 3586 nos
415 3522 548 3604 parauit,
570 3522 741 3605 imaginem
764 3538 853 3586 suam
874 3522 973 3586 faetor
992 3521 1146 3605 adposuit,
1170 3520 1293 3603 quando

158 3640 230 3688 nero
249 3643 304 3689 nos
324 3626 460 3709 perditos
482 3627 649 3710 reparauit,
671 3626 806 3691 formam
826 3627 910 3691 serui
929 3626 1089 3691 restitutor
1109 3626 1293 3707 adsumpsit,
1320 3652 1346 3693 so

159 3728 236 3793 siout
258 3730 300 3795 ait
323 3730 496 3814 apostolus:
523 3730 679 3795 formam
706 3732 807 3795 serui
835 3732 1022 3815 accipiens
1051 3731 1087 3796 in
1118 3731 1293 3795 similitu-

159 3830 276 3899 dinem
307 3834 498 3900 bominum
530 3834 654 3901 faetus
687 3840 723 3900 et
748 3834 880 3901 habitu
907 3837 1083 3901 inuentus
1110 3840 1150 3900 ut
1176 3836 1291 3901 homo.

258 4024 304 4095 ar]
321 4024 392 4083 run.
410 4026 435 4091 a,
449 4028 473 4082 a

201 4199 436 4254 ladsumturusP
480 4198 666 4269 plerisquaal‘
710 4200 881 4270 lpossintP
933 4204 965 4257 13
978 4200 1056 4255 illiP
1101 4158 1295 4257 16e1¹steretP

162 4286 193 4338 17
210 4285 311 4354 itaquae
329 4289 357 4342 P
413 4291 445 4344 18
462 4286 564 4356 adquae
583 4289 611 4343 P
661 4288 720 4342 fleri
738 4307 788 4345 om.
802 4308 819 4343 v
870 4292 904 4345 20
922 4288 1019 4343 mediol
1036 4290 1065 4343 iu
1081 4290 1189 4359 scripsi,
1209 4288 1292 4342 medi-

160 4370 213 4423 eini
228 4373 260 4441 P,
278 4374 408 4430 mediato
460 4376 495 4430 25
512 4374 586 4429 iurae
604 4376 632 4429 P
