3100 4892
612 424 709 481 Liber
726 426 741 480 1
758 398 835 483 1-5.
1254 422 1293 489 19

156 604 226 667 nisi
256 623 322 688 per
352 605 466 669 iidem
498 603 640 669 Christi
669 604 769 684 Iesu,
801 608 837 667 et
867 621 931 668 nos
961 602 997 667 in
1026 601 1175 667 Christo
1206 602 1292 665 Iesu

156 709 353 789 oredimus,
384 714 424 772 ut
453 695 707 773 iustiliccmur
737 727 778 771 ex
809 708 884 772 fidc
914 706 1057 771 Christi
1088 711 1124 771 ct
1151 724 1221 771 non
1252 725 1292 769 cr

156 813 329 895 operibus
359 813 464 897 legis.
495 816 647 896 propter
678 812 774 894 quod
809 830 849 875 er
880 811 1055 895 operibus
1089 810 1186 895 legis
1221 828 1292 875 nou

156 918 431 982 iustificabitur
464 918 584 981 omnis
615 935 698 980 caro
729 935 852 980 coram
882 916 960 979 illo.
999 933 1034 979 ac
1069 914 1113 978 sio
1148 916 1292 979 euacuari

156 1039 244 1103 opera
267 1040 353 1086 crror
375 1022 490 1103 impius
514 1021 599 1100 dirit,
623 1020 678 1084 sed
701 1039 780 1101 quae
804 1020 859 1084 illa
879 1022 984 1083 essent
1001 1019 1107 1083 dolosa
1123 1019 1292 1083 calliditate
1332 1042 1344 1078 n

157 1124 336 1208 subpressit.
367 1144 451 1189 nuno
473 1143 547 1208 ergo
568 1125 696 1207 patieris
711 1123 914 1207 intellegendi
930 1122 1157 1203 difficultatem,
1181 1124 1207 1188 si
1223 1143 1293 1206 per·

157 1248 302 1295 sonarum
317 1230 367 1294 uel
383 1249 513 1313 opernm
528 1229 718 1293 intellexeris
735 1228 977 1293 distinctionem.
1006 1228 1044 1291 ad
1060 1227 1192 1293 Iudaeos
1209 1228 1294 1291 enim

157 1334 281 1399 dicitur:
305 1352 375 1397 non
398 1334 678 1398 iustificabitur
694 1352 734 1396 cr
750 1332 929 1415 operibus
952 1332 1047 1415 legis
1064 1334 1181 1396 omnis
1198 1350 1291 1396 caro.

158 1440 192 1501 ad
215 1437 409 1503 Christianos
436 1456 511 1501 uero
540 1438 604 1501 iam
631 1438 664 1501 in
696 1436 820 1503 Christo
849 1438 974 1501 renatos
1004 1436 1049 1501 ita
1077 1436 1294 1501 instructionis

159 1561 256 1608 sermo
286 1542 444 1625 dirigitur:
480 1529 685 1624 operamini
714 1541 852 1605 bonum
888 1540 931 1604 ad
965 1557 1106 1621 omnes,
1137 1541 1292 1605 manime
1321 1510 1355 1602 ω’

159 1651 279 1711 autem
301 1648 345 1711 ad
367 1646 596 1711 domesticos
624 1647 729 1727 fidei,
761 1646 952 1711 etiterum:
985 1646 1125 1727 itaquo,
1154 1646 1293 1709 fratres

159 1752 224 1814 mei
248 1751 395 1831 dilecti,
419 1750 580 1815 stabiles
604 1754 726 1815 estote
755 1754 791 1813 ct
818 1750 1034 1829 inmobiles,
1058 1748 1293 1813 abundantes

159 1855 329 1937 inopere
357 1855 497 1919 domini
528 1873 687 1936 semper,
718 1855 883 1917 scientes
910 1854 1005 1935 quod
1035 1852 1141 1917 labor
1167 1857 1293 1917 uester

159 1976 224 2023 non
251 1964 309 2024 est
339 1959 463 2023 inanis
497 1959 533 2022 in
561 1959 716 2022 domino.
751 1958 791 2022 ad
819 1958 1024 2038 Christianos,
1052 1958 1192 2039 inquam,
1220 1958 1294 2021 dici-

159 2066 220 2127 tur:
250 2063 304 2127 sic
325 2064 452 2127 luccat
474 2064 535 2127 lur
559 2066 685 2127 uestra
714 2080 836 2127 coram
864 2061 1034 2126 omnibus
1065 2062 1292 2141 hominibus,
1322 2084 1345 2121 a

159 2170 195 2229 ut
222 2168 377 2231 uideant
406 2167 504 2232 bona
535 2184 645 2250 opera
674 2171 802 2231 uestra
832 2170 868 2230 et
897 2167 1292 2250 glorificentuatrem

159 2275 336 2351 uestrum,
365 2272 427 2353 qui
450 2274 506 2335 est
530 2272 721 2351 incaelis,
745 2272 776 2334 id
800 2275 857 2351 est,
881 2276 916 2335 ut
940 2289 1000 2334 non
1024 2274 1090 2334 tam
1114 2271 1174 2333 otio
1197 2270 1294 2333 resol-

159 2392 276 2455 uamur,
300 2394 394 2456 quam
418 2376 455 2439 de
479 2376 624 2457 operibus
652 2375 743 2439 bonis
767 2394 829 2439 non
853 2376 884 2439 in
909 2374 1010 2454 nobis,
1038 2375 1091 2439 sed
1115 2376 1146 2438 in
1169 2374 1293 2438 domino

160 2479 332 2560 gloriemur.
361 2480 401 2543 ad
416 2479 608 2544 Christianos
625 2480 750 2543 dicitur:
770 2480 807 2543 in
823 2480 985 2543 ueritate
1001 2478 1165 2561 conpari,
1182 2496 1294 2559 quon-

160 2582 228 2645 iam
250 2602 319 2647 non
343 2588 400 2647 cst
426 2602 669 2665 personarum
693 2588 867 2666 acceptor
894 2584 998 2663 dene,
1034 2582 1097 2646 scd
1127 2582 1163 2647 in
1195 2582 1293 2647 omni
1320 2604 1345 2641 oo

160 2692 280 2769 gente,
297 2688 359 2769 qui
379 2688 487 2751 timet
509 2688 615 2752 illum
637 2692 673 2752 et
688 2691 863 2770 operatur
890 2687 1093 2767 iustitiam,
1117 2690 1293 2767 acceptus

161 2795 216 2854 est
236 2792 302 2855 illi.

705 2930 742 2994 V.

288 3076 331 3115 DE
353 3074 394 3115 uo
417 3074 502 3123 Quor)
525 3073 592 3117 al'r:
618 3074 735 3115 GRATlA
759 3074 814 3114 nni
838 3074 899 3116 SUM
923 3075 955 3115 ID
980 3074 1064 3122 Quor)
1088 3071 1159 3117 SUH.

203 3206 282 3272 Audi
304 3209 480 3291 apostolum
502 3208 641 3273 laborem
666 3228 738 3273 cum
760 3210 863 3292 gratia
886 3209 995 3273 humili
1019 3209 1211 3273 confessione
1235 3210 1294 3273 mi·
1320 3228 1345 3267 aa

162 3316 309 3377 scentem:
332 3314 456 3397 gratia
477 3317 599 3377 autem
622 3314 680 3376 dci
703 3332 785 3377 sum
808 3314 860 3393 id,
881 3314 975 3395 quod
1000 3333 1088 3394 sum,
1113 3318 1148 3377 ct
1170 3314 1293 3397 gratia

161 3414 263 3479 illius
284 3418 320 3482 in
343 3437 398 3481 me
421 3436 539 3482 uacua
561 3434 632 3482 non
655 3417 741 3498 luit,
765 3418 829 3482 sed
852 3418 1105 3482 abundantius
1129 3418 1206 3482 illis
1222 3437 1293 3483 om-

162 3520 268 3583 nibus
288 3521 475 3585 laboraui:
499 3541 569 3587 non
586 3540 651 3605 ego
673 3527 811 3602 autem,
836 3524 898 3587 sed
914 3523 1039 3605 gratia
1061 3522 1119 3585 dci
1141 3541 1291 3586 mecum.

161 3623 229 3687 uide
244 3626 393 3705 quomodo
409 3627 448 3690 ad
463 3626 583 3709 gratiae
599 3627 715 3690 donum
736 3646 859 3710 semper
882 3626 1044 3709 subiungit
1065 3626 1180 3691 laboris
1204 3626 1294 3690 obse-

263 3824 304 3892 ro]
322 3822 381 3877 aar.
400 3826 479 3886 aro.
535 3823 579 3892 11]
600 3823 685 3879 1oor.
707 3827 801 3889 rasa.
857 3824 902 3892 15]
920 3823 1015 3877 uictu.
1035 3824 1114 3887 5,16.
1170 3823 1213 3891 ro]
1232 3823 1291 3877 acl.

164 3909 291 3978 rocon.
344 3908 619 3979 ao]100r.15‚1o.

278 4067 289 4099 ll

205 4110 341 4174 lucrdem
359 4110 388 4165 P
403 4128 469 4167 corr.
483 4128 554 4165 maa.
568 4112 615 4165 alt.
661 4109 718 4164 lsi
731 4111 758 4164 P
801 4110 1037 4179 dsubpracssitP
1079 4108 1254 4163 dificultatem
1268 4111 1295 4163 P

163 4193 338 4251 lintclcrcris
356 4198 383 4251 P
436 4200 465 4252 11
485 4197 564 4251 lidaei
582 4198 609 4251 P
660 4197 766 4264 itaquae
785 4199 812 4251 P
865 4201 896 4253 12
915 4200 983 4251 stote
1002 4198 1029 4251 P
1079 4198 1161 4251 uerbo
1179 4199 1247 4248 stote
1266 4200 1293 4249 ot

162 4279 296 4336 inmobiles
312 4285 354 4339 bie
370 4286 449 4339 habet
467 4284 495 4337 P
564 4287 596 4339 15
619 4283 743 4337 omnibus
765 4302 816 4339 oua
834 4303 849 4341 o
922 4287 954 4339 16
977 4298 1055 4353 opera
1078 4286 1166 4336 uestra
1191 4281 1259 4335 bona
1277 4300 1293 4337 o

163 4369 194 4422 25
212 4365 333 4424 miscente
352 4372 379 4423 P

1103 4458 1134 4505 2*
