3100 4892
627 412 663 466 II.
683 410 726 465 De
744 412 866 481 spiritu
885 414 997 464 sancto

627 724 771 808 LIBIIR
799 722 992 808 PRIMUS.

802 935 826 999 I.

245 1068 363 1141 omnmo
386 1098 532 1141 arluinum
561 1097 704 1140 sumerum
734 1097 859 1137 APER'I'B
881 1097 923 1136 un
946 1094 1058 1135 CAPITB
1081 1096 1177 1154 rrum,
1200 1096 1234 1135 ID
1258 1096 1316 1137 EST
1339 1096 1379 1135 Du

592 1185 733 1226 emoto
756 1182 1032 1225 muuunuuurrntffl.

206 1349 219 1387 s
288 1321 380 1384 Fides
410 1320 563 1384 catholiea
590 1321 623 1383 in
652 1320 837 1383 uniuersum
868 1318 1021 1381 muudum
1050 1336 1105 1400 per
1128 1317 1321 1400 patriarchas
1345 1336 1380 1381 ao

243 1425 410 1507 prophetas
434 1427 465 1487 et
486 1424 604 1507 gratiae
624 1424 854 1505 dispensatores
875 1422 984 1505 spiritu
1004 1424 1112 1485 saneto
1127 1421 1307 1485 insinuante
1323 1421 1382 1485 dif-

245 1529 317 1592 fusa
339 1532 395 1592 est.
433 1528 514 1591 hano
537 1528 707 1611 apostoliea
729 1527 902 1591 sollicitudo
925 1530 1017 1607 atque
1039 1524 1199 1608 perfeeto,
1223 1525 1305 1589 siout
1326 1544 1380 1607 per

245 1650 348 1696 sacras
371 1632 500 1715 paginas
523 1632 717 1712 dilatauerat,
739 1633 785 1695 ita
807 1632 839 1695 in
860 1630 993 1713 symboli
1008 1630 1144 1694 salutare
1161 1647 1286 1694 tarmen
1302 1630 1381 1694 mira

243 1736 397 1800 breuitate
427 1736 553 1818 redegit
583 1740 613 1799 et
642 1739 804 1818 tamquam
836 1735 991 1818 dispersas
1020 1734 1229 1798 remediorum
1261 1736 1379 1817 spanias

193 1868 217 1905 ιο
245 1840 399 1923 disposuit
427 1840 460 1904 in
490 1858 601 1923 eorpus
631 1858 729 1904 unum
760 1858 797 1903 ao
825 1840 913 1903 uelut
936 1858 971 1903 ex
993 1839 1165 1903 innumeris
1189 1838 1380 1903 aromatibus

243 1945 415 2027 pretiosum
445 1944 579 2009 eonfeoit
600 1949 808 2028 unguentum,
841 1944 928 2008 ouius
951 1943 1025 2008 odor
1048 1961 1156 2007 omues
1179 1942 1257 2007 fines
1281 1947 1381 2007 terrae

243 2048 384 2132 potentia
404 2049 589 2132 fraglantiae
613 2048 758 2131 spiritalis
782 2048 935 2131 impleuit,
965 2050 1001 2111 ut
1021 2048 1052 2111 in
1076 2049 1143 2129 ipso
1166 2047 1381 2111 uniuersitatis

245 2154 381 2217 adsensu
403 2154 503 2217 uirtus
527 2156 676 2236 appareat
698 2152 852 2217 ueritatis,

285 2257 326 2322 ur
348 2258 422 2339 quia
444 2260 573 2340 oportet,
596 2260 631 2321 ut
650 2256 825 2320 errantibus
842 2257 930 2339 quasi
945 2256 1083 2339 paruulis
1100 2260 1130 2319 et
1145 2256 1260 2339 ignaris
1281 2256 1384 2339 prima

192 2388 217 2427 ιο
244 2362 438 2427 Christianae
461 2361 637 2425 traditionis
661 2361 816 2424 elementa
830 2364 1019 2442 repetamus
1042 2361 1075 2424 in
1089 2360 1147 2423 hae
1163 2358 1298 2442 symboli
1313 2379 1384 2443 per·

243 2467 376 2530 sectione
409 2469 439 2529 et
468 2465 574 2529 unitas
605 2465 763 2529 euidenter
787 2466 922 2548 aperitur
946 2468 977 2529 et
1000 2465 1135 2544 trinitas,
1166 2464 1241 2527 dum
1264 2467 1313 2527 ter
1335 2484 1384 2529 re-

242 2571 341 2654 petita
369 2569 522 2634 confessio
553 2570 634 2652 patri
661 2573 693 2632 et
713 2568 777 2634 filio
801 2574 833 2633 et
855 2570 975 2651 spiritui
998 2573 1104 2633 saneto
1129 2586 1227 2634 unum
1250 2568 1384 2633 ereduli-

243 2674 317 2738 tatis
347 2673 450 2738 reddit
479 2672 674 2760 obsequium.
720 2674 752 2736 in
783 2673 897 2755 quibus
925 2673 1029 2737 uerbis
1053 2673 1148 2737 etiam
1171 2676 1383 2737 trecentorum

243 2778 350 2841 decem
382 2781 414 2841 et
444 2780 512 2841 ooto
543 2795 631 2841 saoer
659 2795 808 2841 numerus
839 2778 1035 2841 sacerdotum
1063 2780 1273 2859 emergentem
1297 2776 1385 2841 Arrii

191 2909 217 2947 2⁰
243 2900 279 2945 ao
295 2881 469 2945 Macedonii
486 2881 648 2945 damnauit
663 2900 799 2945 errorem
816 2881 966 2963 [diceus]:
986 2881 1077 2945 oredo
1093 2881 1125 2944 in
1142 2882 1234 2945 deum
1250 2884 1384 2963 patrem,

243 2986 333 3050 oredo
363 2986 397 3050 in
427 2985 526 3048 filium
558 2985 622 3048 eius
653 2985 781 3049 unioum
813 2986 973 3050 dominum
997 2989 1150 3065 nostrum,
1182 2984 1273 3049 oredo
1297 2989 1330 3049 et
1353 2988 1385 3050 in

243 3089 387 3172 spiritum
419 3093 572 3153 sanetum.
619 3107 692 3152 nam
723 3090 782 3153 etsi
811 3090 870 3153 hoo
900 3108 936 3153 ex
969 3108 1098 3153 numero
1128 3106 1298 3172 paucorum
1321 3090 1386 3154 fra·

242 3194 348 3277 gilitas
372 3194 549 3273 destinauit,
573 3194 759 3259 uniuersalis
783 3198 888 3257 tamen
912 3194 1034 3257 numeri
1056 3194 1240 3276 mysterium
1257 3211 1319 3257 non
1336 3214 1383 3258 re·

243 3299 345 3362 soluit.
392 3303 424 3361 et
445 3297 512 3361 ideo
536 3315 623 3361 saoer
646 3316 796 3363 numerus
820 3298 961 3379 diximus,
992 3300 1065 3379 quia
1094 3298 1224 3362 trecenti
1255 3299 1286 3360 in
1312 3316 1385 3361 aera

191 3427 216 3465 a
243 3402 294 3465 uel
324 3402 542 3485 supputatione
566 3400 686 3466 Graeca
716 3404 840 3486 signum
872 3403 983 3483 erucis,
1015 3402 1122 3466 deoern
1154 3405 1184 3465 et
1214 3404 1282 3465 uoto
1309 3421 1385 3467 uero

289 3578 302 3630 1
330 3573 468 3627 irtelrlr
495 3573 544 3627 DE
571 3572 713 3627 SPIRITV
740 3572 874 3629 SANCTO
897 3574 1004 3627 LIBER
1031 3572 1164 3627 PRIMVS
1187 3574 1217 3637 V,
1244 3572 1386 3629 INCIPIT

244 3660 351 3714 uranu
369 3660 503 3713 rnrnrs
526 3662 553 3715 P
621 3660 764 3715 somnino
787 3661 826 3714 νο
848 3663 879 3715 a
897 3662 1080 3730 captiuorum
1098 3662 1195 3721 οιοοο.
1218 3643 1289 3714 o‘nis
1313 3663 1340 3715 r
1355 3664 1387 3717 οι

243 3754 317 3803 textu
369 3747 723 3815 omniuo-Intellegendum
742 3765 792 3803 om.
807 3750 834 3803 P
885 3748 962 3817 tae]
982 3749 1048 3801 etP
1098 3748 1189 3803 astas
1202 3748 1236 3815 P,
1250 3753 1387 3804 sanetaso

242 3833 282 3903 in]
306 3850 353 3903 per
375 3835 402 3888 P
472 3832 579 3887 simboli
603 3835 631 3888 P
700 3849 807 3887 carmen
835 3852 885 3891 om.
910 3834 937 3887 P
1006 3838 1022 3889 9
1046 3834 1194 3903 tamquam]
1221 3848 1240 3903 p
1268 3834 1334 3890 odd.
1359 3836 1387 3889 P

197 3908 200 3917 ¹
242 3921 361 3974 diuersas
380 3921 407 3974 P
460 3924 492 3979 10
511 3937 540 3973 ex
559 3938 609 3975 om.
627 3922 653 3975 V
705 3923 734 3975 ll
755 3920 917 3987 praetiosum
937 3922 963 3975 P
1018 3923 1050 3976 12
1069 3920 1224 3989 flagrantiae
1248 3922 1275 3975 V
1331 3921 1386 3991 spi-

241 4006 345 4060 ritualis
377 4008 404 4060 P
478 4006 671 4074 uniuersitatis]
703 4007 825 4059 ueritatis
860 4008 886 4062 V
959 4009 990 4062 13
1020 4024 1127 4060 assensu
1158 4008 1196 4075 P,
1227 4022 1339 4061 assensu
1371 4026 1386 4063 u

243 4097 275 4150 14
293 4094 434 4163 primaeP
486 4096 519 4148 15
532 4093 638 4146 simboli
653 4094 678 4146 P
731 4095 763 4148 16
775 4097 803 4147 et
814 4101 877 4149 ante
890 4095 976 4147 unitas
988 4113 1039 4150 om.
1056 4095 1082 4148 V
1133 4096 1165 4149 19
1178 4097 1387 4161 emergentesP

241 4184 274 4236 20
293 4180 460 4233 runehedonii
479 4180 506 4233 P
558 4180 716 4248 dampnauit
730 4181 756 4234 P
807 4196 907 4233 errores
921 4181 1033 4236 addP²
1081 4180 1170 4234 diceus
1183 4198 1234 4236 οοο,
1249 4182 1281 4250 V,
1299 4199 1385 4251 quare

240 4269 319 4323 tenore
339 4269 438 4323 inclusi
493 4266 637 4320 atexnon
656 4267 683 4320 P
734 4270 768 4322 23
787 4266 937 4321 misterium
956 4269 983 4322 P
1035 4270 1068 4323 24
1088 4266 1170 4321 soluit
1192 4268 1218 4321 V
1268 4268 1340 4335 quod
1360 4270 1387 4323 P

241 4354 269 4405 iu
287 4370 331 4406 era
349 4354 433 4419 (mera
452 4356 478 4420 u)
496 4355 594 4419 οηοίοοο
612 4352 655 4405 uel
674 4354 716 4408 Po
767 4355 801 4407 25
820 4368 898 4421 greoa
916 4355 944 4408 P
