3100 4892
225 431 312 486 LXVI
674 431 917 499 Prolegomena.

226 627 313 669 mum
335 604 557 670 lemomicmse
585 605 743 692 oppidum
770 605 903 670 occurit.
942 609 1106 690 praeterea
1131 606 1212 670 inter
1239 625 1273 669 33
1295 623 1370 671 ccu-

227 712 365 776 ierautur
380 731 410 794 p.
428 709 502 792 360,
520 709 559 772 18
575 711 606 773 ss'
621 710 771 796 propilio
788 710 846 773 eleo
861 710 906 773 ael
920 708 1168 773 sollemnitatem
1183 719 1370 772 sanctorum

230 812 386 878 Gereoae
417 815 554 878 meaturi
583 814 672 894 silis,
703 837 751 878 me
782 813 1027 878 recurrentibus
1056 815 1140 877 seire
1162 811 1307 898 faciatis
1337 817 1370 878 31

228 940 258 1004 p.
276 919 349 1002 367,
368 919 408 984 13
432 919 641 1005 deposcimus,
665 929 703 983 ut
726 919 773 982 ael
788 919 1034 982 sollemnitatem
1048 929 1236 982 sauctorum
1252 917 1298 982 od
1310 939 1370 980 roos

228 1023 284 1086 cleo
303 1023 452 1110 propilio
475 1045 545 1087 313
567 1045 640 1087 eam
662 1045 773 1088 sorore
795 1034 909 1088 aestro
931 1024 1045 1088 uenire
1069 1023 1255 1109 dipaemiai.

270 1131 348 1194 Post
377 1131 461 1194 31113
490 1131 583 1194 huius
614 1131 798 1194 iactationes
830 1131 868 1195 ad
898 1132 1022 1212 portum
1054 1129 1214 1212 religionis
1244 1144 1370 1211 proram

228 1235 338 1299 salutis
351 1235 542 1298 conuertisse
554 1235 716 1298 Ruricium
728 1234 866 1299 Faustus
879 1235 1023 1298 exsulans
1041 1233 1150 1297 scribit
1165 1234 1208 1316 (p.
1218 1231 1292 1312 211,
1301 1230 1369 1315 20),

228 1357 322 1421 quare
344 1341 416 1422 post
438 1357 557 1402 annum
578 1337 653 1420 477,
678 1357 738 1421 quo
759 1357 842 1403 auno
858 1338 1011 1402 Faustum
1026 1339 1059 1402 iu
1075 1338 1220 1401 exsilium
1236 1338 1369 1401 missum

228 1461 296 1507 esse
325 1462 419 1527 supra
446 1463 474 1527 p.
496 1443 526 1506 X
554 1444 762 1526 exposuimus,
791 1443 953 1508 Ruricium
981 1443 1126 1507 clericum
1153 1442 1274 1506 factum
1300 1459 1370 1504 esse

227 1550 322 1630 patet.
362 1566 420 1611 nec
442 1565 517 1611 uero
540 1548 639 1612 multo
662 1551 734 1630 post
756 1548 840 1611 hunc
855 1565 984 1628 annum,
1008 1565 1083 1611 nam
1098 1565 1170 1610 cum
1186 1547 1219 1610 in
1234 1544 1371 1628 epistula

227 1651 298 1714 libri
322 1651 416 1733 primi
439 1651 515 1715 XVI
538 1650 699 1717 Sidonium
728 1652 910 1735 episcopum
937 1653 1093 1716 fratrem
1121 1651 1257 1734 appellet
1278 1649 1370 1713 Ruri·

228 1756 293 1819 cius
318 1756 383 1819 ism
407 1756 508 1820 lactus
532 1757 674 1837 clericae,
698 1775 792 1837 quem
815 1758 847 1820 in
871 1756 1015 1838 epistulis
1039 1755 1117 1819 VIII
1140 1760 1172 1819 31
1194 1755 1289 1819 VIIII
1311 1754 1370 1818 do·

229 1860 367 1923 minum
389 1863 587 1942 patronum
612 1861 780 1943 alloquItur
804 1880 839 1925 eo
862 1865 1003 1945 tempore
1026 1861 1158 1943 scriptis,
1182 1876 1370 1941 33331333-

228 1964 294 2027 lum
315 1965 452 2028 noudum
470 1982 541 2028 eum
557 1966 730 2029 sacerdotio
746 1966 954 2030 commutauIt
969 1964 1123 2045 Ruricius,
1146 1964 1271 2029 Sidonio
1286 1964 1370 2042 uiuo,

228 2069 259 2131 id
283 2072 426 2132 estante
451 2067 664 2150 1311313479,
688 2070 834 2134 Ruricius
858 2070 974 2133 mundo
998 2069 1146 2133 ualedixit
1168 2068 1283 2133 Fausto
1310 2067 1370 2130 im·

228 2173 336 2255 primis
361 2177 483 2236 auctore
503 2172 555 2257 (cf.
574 2171 647 2254 352,
665 2172 684 2236 6
701 2174 784 2257 sqq.)
809 2178 840 2237 et
862 2192 925 2238 uns
948 2192 1020 2238 cum
1036 2191 1129 2237 uxore
1145 2173 1279 2252 13133113,
1302 2189 1370 2235 311-

228 2277 366 2341 tionibus
395 2278 524 2359 aliisque
552 2278 696 2362 operibus
726 2278 817 2342 bonis
846 2280 902 2343 deo
930 2278 1089 2342 seruiebat
1110 2277 1163 2359 (31.
1180 2297 1209 2360 p.
1227 2275 1301 2356 216,
1320 2273 1369 2338 15.

228 2379 301 2460 215,
317 2381 361 2464 4).
401 2383 455 2445 sed
479 2383 573 2446 etiam
597 2383 666 2448 eliis
690 2383 843 2466 episcopis
867 2383 1063 2446 familiariter
1092 2401 1168 2446 usus
1201 2385 1259 2461 est,
1282 2381 1370 2445 33131

229 2485 366 2564 Sidonio,
390 2485 429 2548 ed
452 2505 546 2568 quem
570 2490 633 2550 tres
657 2487 743 2551 dedit
766 2487 918 2571 epistulas
939 2486 968 2568 (I
991 2485 1069 2550 8.9.
1089 2486 1142 2568 16)
1166 2487 1279 2568 quique
1303 2485 1370 2567 ipse

227 2590 303 2653 ilem
335 2593 460 2673 praeter
494 2590 731 2673 epithalamium
766 2610 862 2675 supra
895 2596 1175 2656 commemoratum
1207 2594 1270 2654 tres
1305 2589 1370 2670 epi-

228 2695 326 2757 stulas
357 2694 488 2758 reddidit
517 2693 597 2778 (IIII
626 2694 675 2758 16.
705 2695 733 2757 V
763 2693 812 2760 15.
841 2695 919 2760 VIII
945 2694 1009 2781 10),
1042 2715 1077 2759 31
1109 2694 1221 2776 quibus
1252 2693 1370 2758 Sidonii

229 2797 363 2881 epistula
385 2797 450 2861 HII
476 2797 514 2860 16
538 2817 610 2862 cum
633 2800 748 2863 Ruricii
771 2800 788 2864 I
811 2797 830 2860 8
854 2801 1007 2864 cohaeret.
1135 2776 1140 2791 ⁵

271 2903 388 2966 Eodem
412 2921 503 2983 anno,
527 2921 587 2985 quo
603 2902 740 2968 Faustus
757 2923 793 2967 31
810 2905 1073 2985 313111313331111,
1098 2923 1125 2968 a.
1142 2901 1206 2966 485
1226 2902 1370 2966 Ruricius

228 3007 389 3088 epIscopus
413 3005 645 3071 Lemouieeusis
668 3008 770 3072 133133
795 3013 853 3089 331,
877 3008 907 3071 id
930 3009 1013 3090 quod
1037 3025 1133 3091 supra
1154 3027 1184 3090 p.
1201 3006 1307 3070 XXIV
1334 3024 1370 3069 31

228 3111 379 3193 epistulae
400 3110 589 3176 Faustianos
613 3113 679 3176 loeo
702 3113 838 3195 quodam
861 3113 1054 3196 collegimus.
1094 3115 1162 3176 erat
1183 3115 1289 3176 autem
1311 3110 1371 3173 Lc-

229 3215 388 3280 mouicum
412 3215 522 3279 ciuitas
546 3215 650 3300 (hodie
667 3217 827 3300 Limoges)
852 3217 963 3301 exigua
986 3220 1079 3298 atque
1099 3216 1233 3297 infirma,
1257 3220 1293 3279 ut
1307 3215 1371 3279 Ru-

228 3320 320 3384 ricius
343 3321 409 3404 ipse
433 3323 567 3384 testatur
589 3321 694 3386 uerbis
717 3321 761 3404 (p.
779 3320 854 3402 417,
871 3319 942 3405 24);
965 3321 996 3382 si
1011 3319 1092 3383 ollis
1106 3341 1219 3383 semea
1237 3317 1370 3382 urbiam

224 3432 376 3508 praestat
387 3423 579 3502 auotoritas,
596 3423 687 3488 molis
700 3425 930 3488 auctoritatem
943 3425 1066 3488 deowre
1079 3446 1144 3487 moa
1156 3423 1245 3488 <lebet
1259 3422 1370 3487 urbis

229 3526 449 3605 humilitas,
484 3529 514 3592 si
544 3529 673 3612 quidem
702 3528 805 3592 mallo
835 3527 953 3593 melius
982 3527 1147 3613 multoque
1177 3528 1369 3592 eminentius

229 3641 274 3694 est
295 3632 462 3696 ciuitatem
484 3631 522 3696 de
542 3632 717 3712 sacerdote,
741 3655 839 3718 quam
859 3633 1055 3698 sacerdotem
1075 3632 1113 3696 ele
1132 3633 1268 3697 ciuitate
1287 3643 1370 3694 oote-

229 3757 322 3799 seere.
362 3737 505 3802 Sidonius
533 3757 607 3802 uero
630 3739 662 3818 iu
686 3739 821 3822 epIstule
842 3739 904 3803 VH
927 3738 948 3802 6
971 3743 1044 3803 ante
1072 3757 1189 3802 annum
1212 3737 1372 3802 47511113

230 3841 282 3926 (31.
300 3843 491 3908 Mommseni
514 3844 667 3927 praelatio
690 3863 720 3928 p.
738 3844 810 3928 LII)
831 3844 1006 3927 complures
1021 3843 1175 3925 ciuitates
1198 3845 1279 3908 inter
1294 3859 1371 3924 quas

230 3947 498 4030 Lemouiceusem,
530 3949 663 4013 summis
687 3948 900 4013 sacerdotibus
923 3949 1063 4032 ipsorum
1087 3951 1187 4012 morte
1211 3950 1371 4011 truncatas

229 4069 287 4117 nee
316 4053 396 4117 ullos
424 4053 571 4137 deinceps
599 4053 820 4138 episcopusin
848 4053 1066 4118 defunctorum
1094 4053 1197 4117 cilicia
1224 4050 1370 4117 suffectos

230 4176 299 4222 esse
322 4157 397 4221 dicit
420 4155 463 4239 (p.
483 4154 554 4237 109,
571 4156 613 4221 30
625 4155 685 4240 L).

272 4261 432 4326 Ruricium
457 4261 637 4344 episcopum
658 4263 691 4326 iu
716 4263 859 4327 exsilium
883 4263 1017 4328 missum
1038 4281 1109 4327 esse
1124 4262 1236 4328 uolunt
1250 4248 1371 4326 cellatis

230 4364 334 4430 uerbis
356 4385 386 4448 p.
404 4361 478 4446 370,
496 4363 530 4429 8:
555 4387 618 4450 per
646 4364 743 4428 talem
770 4366 864 4429 aiam
889 4388 947 4429 mos
975 4366 1039 4428 iter
1065 4365 1164 4452 spisse
1186 4364 1372 4452 copooseite,
