3100 4892
232 443 293 507 134
613 440 648 493 ΙΙ.
669 441 712 493 Ι)ο
731 439 853 508 spiritu
873 441 985 490 sancto

229 618 313 682 beati
337 618 472 700 corporis
495 615 601 679 anima
622 615 704 679 filius
729 617 761 677 et
784 615 910 695 spiritus
934 615 1061 677 sanctus
1077 630 1176 675 unum
1196 610 1369 674 sortiuntur

229 722 452 801 habitaculum,
475 718 588 802 quibus
611 737 778 784 commuue
802 737 870 782 esse
894 720 1016 782 constat
1039 719 1071 780 et
1093 716 1224 780 caelum.

780 979 821 1044 11.

231 1145 339 1187 UTBUM
369 1143 466 1185 IUXTA
497 1141 714 1183 lupum'rouuu
745 1141 916 1182 ornandum
947 1141 1085 1182 SPIRl'l'US
1114 1140 1250 1182 SANCTUS
1282 1139 1372 1180 SICUT

190 1227 203 1266 5
228 1231 331 1276 mulus
355 1229 549 1272 menandrus
573 1230 631 1287 sl'r,
655 1227 730 1278 oms
752 1231 792 1269 ΕΤ
813 1227 881 1269 lPSld
902 1229 933 1268 IN
958 1227 1081 1268 muniant
1103 1228 1309 1287 SUPERUENIT‚
1330 1227 1372 1268 AN

413 1317 542 1359 TANTUM
564 1317 666 1358 murus
689 1316 732 1356 DE
755 1316 884 1357 urnulam
907 1315 1110 1356 Puocnuduus
1134 1315 1191 1356 stu.

273 1451 334 1518 Sed
356 1452 482 1516 dicitur:
506 1452 533 1516 si
556 1452 684 1534 spiritus
705 1454 832 1515 sauctus
852 1452 884 1515 in
905 1469 1031 1534 corpore
1052 1454 1084 1515 et
1104 1452 1208 1516 anima
1228 1450 1375 1534 redemp-

229 1557 307 1621 toris
332 1556 498 1636 habitauit,
530 1573 603 1639 ergo
630 1560 662 1619 et
689 1557 755 1638 ipse
784 1555 911 1638 spiritus
939 1557 1187 1619 incarnationem
1215 1554 1374 1619 uidebitur

230 1660 415 1743 suscepisse.
452 1677 515 1724 uon
544 1661 590 1724 ita
619 1663 675 1724 est.
715 1677 789 1724 uam
820 1663 892 1724 aute
921 1660 1085 1724 creationis
1109 1661 1196 1724 initia
1219 1678 1238 1724 a
1261 1659 1373 1743 spiritu

182 1793 206 1831 ιο
233 1769 341 1830 sancto
364 1783 488 1829 sacrum
504 1765 624 1829 Mariae
647 1782 758 1848 corpus
779 1765 928 1848 impletur
950 1768 981 1828 et
1000 1765 1082 1828 inter
1102 1765 1191 1829 initia
1208 1765 1375 1829 creationis

230 1869 314 1934 filius
336 1870 467 1954 uirginis
491 1869 601 1955 spiritu
624 1873 732 1934 sancto
755 1873 941 1952 cooperante
965 1871 1145 1954 concipitur,
1176 1869 1231 1934 sed
1258 1887 1277 1934 a
1302 1889 1375 1952 per-

231 1993 308 2040 sona
330 1975 507 2059 specialiter
523 1973 580 2038 filii
595 1992 710 2039 nouem
726 1972 888 2038 mensibus
905 1975 1110 2058 possidendus
1127 1978 1246 2039 etcum
1263 1974 1374 2038 eodem

230 2079 264 2143 iu
286 2079 390 2143 lucem
412 2097 635 2162 progressurus
658 2079 844 2159 infunditur,
868 2079 956 2143 ouius
977 2080 1084 2161 utique
1105 2079 1254 2161 temporis
1277 2079 1376 2144 socie-

231 2187 329 2249 tatem
358 2185 440 2248 iutra
470 2185 627 2247 secretum
656 2183 737 2247 uteri
766 2183 929 2267 uirginalis
961 2185 1087 2267 spiritus
1116 2183 1217 2247 sancti
1239 2201 1375 2266 persona

178 2314 203 2354 re
230 2307 292 2353 nou
312 2289 438 2371 recepit.
471 2287 632 2351 hominem
652 2305 736 2370 ergo,
758 2305 852 2370 quem
873 2287 956 2351 filius
977 2287 1027 2351 dei
1047 2289 1128 2352 inter
1148 2289 1216 2371 ipsa
1236 2289 1377 2371 suscepit

231 2393 365 2473 exordia,
389 2392 517 2474 spiritus
537 2395 665 2456 sauctus
682 2410 744 2455 uon
760 2395 922 2473 susceptor
938 2392 991 2456 sed
1008 2391 1218 2457 sanctificator
1233 2392 1376 2472 intrauit,

230 2500 313 2562 iutra
327 2515 431 2579 quem,
448 2496 529 2560 sicut
545 2515 578 2560 se
593 2495 709 2560 Christi
724 2499 900 2560 consortem
916 2497 1024 2580 gessit,
1040 2496 1086 2559 ita
1101 2495 1245 2560 Christus
1265 2501 1377 2560 aucto-

230 2619 307 2665 rem.
341 2601 395 2664 ille
416 2601 501 2664 euim
520 2601 668 2680 nascitur,
689 2599 740 2663 hic
759 2600 943 2664 infunditur.
977 2601 1014 2664 de
1035 2599 1098 2664 lilio
1118 2600 1248 2682 uirginis
1270 2601 1377 2665 anima

230 2706 283 2769 uel
305 2721 376 2768 caro
399 2703 454 2767 filii
478 2703 527 2767 dei
548 2705 754 2786 personaliter
780 2708 810 2767 et
832 2705 1007 2787 specialiter
1027 2704 1086 2768 dici
1106 2707 1220 2786 potest,
1245 2705 1376 2788 spiritus

179 2837 205 2876 so
231 2828 305 2874 uero
321 2808 421 2873 sauoti
438 2808 543 2873 anima
557 2810 608 2872 uel
625 2826 695 2872 caro
718 2809 805 2873 nullo
828 2808 929 2874 modo.
953 2809 986 2873 iu
1010 2827 1071 2893 quo
1094 2807 1177 2872 filius
1198 2808 1257 2888 dei,
1279 2808 1378 2873 idest

232 2915 308 2978 deus
331 2913 448 2997 gloriae
471 2913 584 2977 dicitur
606 2914 780 2993 crucifixus,
804 2913 971 2995 pertulisse
994 2913 1026 2977 iu
1050 2930 1085 2977 eo
1103 2914 1188 2977 nullo
1205 2913 1297 2977 modo
1313 2912 1377 2977 dici

231 3021 335 3102 potest
356 3017 482 3100 spiritus
506 3020 643 3080 sanctus.
680 3035 752 3101 ergo
773 3018 937 3081 diuersitas
958 3021 1006 3081 est
1026 3035 1165 3099 operum,
1190 3035 1250 3081 nou
1272 3018 1379 3081 diuer-

233 3124 309 3188 sitas
329 3120 588 3186 substantiarum.
620 3139 694 3185 uam
715 3122 796 3185 sicut
815 3121 916 3184 dicere
937 3140 998 3185 nou
1018 3139 1197 3205 possumne,
1221 3120 1303 3203 quod
1323 3122 1378 3185 uel

232 3229 320 3311 pater
348 3225 543 3290 descenderit
564 3228 597 3289 iu
621 3226 723 3307 specie
746 3225 909 3290 columbae
931 3226 983 3290 uel
1007 3226 1039 3289 in
1062 3226 1160 3308 patris
1187 3243 1263 3290 uoce
1291 3225 1378 3290 lilius

181 3359 207 3399 a
234 3332 274 3396 sit
296 3332 429 3411 locutus,
453 3330 577 3413 quaudo
600 3331 688 3394 dixit:
715 3330 775 3393 hic
799 3333 856 3394 est
878 3330 986 3394 filius
1010 3349 1126 3410 meus,
1157 3332 1201 3394 ita
1228 3331 1377 3413 spiritum

235 3439 380 3500 sanctum
405 3435 547 3498 adserere
570 3453 631 3498 nou
655 3453 823 3518 possumus
848 3434 898 3498 uel
922 3438 1031 3498 uatum
1057 3455 1092 3498 ex
1120 3434 1240 3518 uirgine
1264 3434 1314 3497 uel
1342 3435 1377 3498 in

234 3558 326 3604 carue
349 3540 554 3623 redemptoris
570 3541 745 3621 specialiter
761 3543 981 3604 conuersatum
997 3540 1047 3603 uel
1064 3540 1094 3603 in
1111 3540 1209 3622 ipsius
1230 3539 1378 3622 passione

338 3694 385 3763 25]
403 3694 500 3748 uram.
514 3698 538 3759 s,
552 3696 592 3750 17.

278 3845 295 3897 2
314 3846 420 3895 constet
437 3859 526 3898 osseo
595 3845 612 3897 4
630 3842 782 3912 opinionem
802 3842 986 3911 imperitorum
1005 3861 1021 3897 o
1090 3847 1106 3897 5
1125 3843 1160 3896 sit
1177 3843 1331 3896 incarnatus
1353 3845 1383 3898 P

234 3929 305 3998 quod
324 3930 352 3983 P
413 3929 483 3983 osit
500 3947 551 3985 ora.
571 3930 598 3983 P
661 3929 929 3997 tredemprommo
994 3929 1109 3984 9iuicia
1128 3929 1155 3982 P
1219 3931 1252 3984 lo
1271 3945 1380 3984 sacrum

234 4035 285 4073 om.
305 4017 332 4070 P
383 4015 506 4084 impleuit
528 4018 553 4070 V
603 4017 682 4070 inicia
701 4017 729 4070 P
782 4019 811 4072 ll
832 4017 999 4084 operanteV
1050 4017 1216 4084 concepitV
1266 4015 1299 4068 ad
1316 4031 1381 4083 per-

234 4120 327 4156 sonam
352 4103 379 4156 P
448 4105 480 4157 12
503 4102 551 4156 filii
573 4101 724 4171 specialiter
747 4103 774 4156 P
845 4105 877 4157 13
898 4118 1053 4170 progressus
1077 4103 1104 4156 P
1176 4106 1207 4158 15
1234 4102 1328 4171 recipit
1353 4105 1383 4158 P

235 4190 347 4259 suscipit
363 4208 380 4244 ο
446 4193 476 4246 17
495 4191 736 4244 intra—auctorem
755 4208 807 4246 oar.
826 4208 842 4244 o
908 4205 935 4242 se
952 4207 1088 4258 suprascr.
1109 4191 1147 4244 P²
1217 4191 1251 4244 20
1269 4192 1381 4244 sauctus

235 4319 298 4356 uero
318 4303 345 4356 P
404 4262 434 4356 'd'
451 4304 477 4358 ν
491 4303 545 4369 (uer
564 4322 635 4357 ‚raa
654 4305 713 4370 aa.)
775 4301 866 4371 moro]
887 4301 939 4354 uer
958 4305 1048 4370 potest
1066 4303 1153 4358 aeneo
1171 4303 1235 4356 aaa.
1255 4303 1282 4356 Ρ
1349 4303 1379 4356 m

235 4389 288 4458 est]
307 4388 400 4444 ideov
452 4393 485 4445 24
505 4389 714 4444 distenderitV
764 4391 798 4443 26
817 4404 932 4441 asserere
952 4389 980 4442 P
1029 4391 1104 4456 potes
1124 4388 1150 4442 P
