3100 4892
261 453 325 519 298
703 454 768 510 IIII.
789 457 898 511 Sermo
918 459 958 512 19.

262 631 397 694 uincitur
424 635 455 696 et
483 635 566 695 totus
590 632 726 696 muudus
749 632 788 695 ad
812 631 928 696 Christi
951 634 1094 697 notitiam
1118 634 1170 697 uel
1196 635 1333 716 gratiam
1356 653 1401 696 re·

262 740 401 799 uoeatur.
440 737 574 818 deniquo
598 737 641 800 sio
665 740 697 800 ot
719 736 836 800 Paulus
860 738 945 817 dixit,
970 756 1041 801 oum
1063 739 1101 800 de
1121 739 1266 821 passione
1286 739 1400 802 domiui

260 842 450 922 loqueretur:
475 843 614 922 faetus,
636 841 746 923 iuquit,
768 840 972 906 oboediens
992 843 1092 924 patri
1112 845 1292 924 usquead
1313 829 1400 908 morss

262 950 350 1024 tem,
375 951 530 1010 mortem
551 949 673 1010 auteur
694 947 826 1009 orueis.
857 952 1009 1029 propter
1025 947 1120 1029 quod
1136 951 1172 1011 et
1187 947 1277 1012 deus
1297 948 1400 1012 illum

222 1079 234 1117 s
261 1051 446 1116 exultauit
470 1055 506 1115 ot
528 1050 683 1114 donauit
707 1050 765 1114 illi
790 1069 936 1131 nornen,
964 1053 1059 1134 quod
1084 1055 1141 1115 est
1164 1071 1275 1133 super
1297 1070 1400 1115 omne

260 1173 401 1218 nomeu.

302 1259 371 1322 Hoo
391 1259 459 1322 ideo
480 1258 624 1340 diximus
645 1261 767 1341 fratres,
789 1263 825 1323 ut
844 1264 1027 1342 agnosceret
1048 1262 1160 1325 caritas
1180 1266 1299 1340 uestra,
1323 1261 1400 1343 quod

259 1365 451 1446 principatus
481 1362 604 1443 Christi,
636 1363 673 1426 de
701 1383 761 1445 quo
793 1365 942 1447 seriptum
973 1369 1035 1428 est:
1067 1369 1099 1428 et
1126 1366 1185 1429 erit
1210 1366 1400 1448 principatus

260 1487 353 1550 super·
383 1467 530 1531 humeros
564 1468 641 1548 eiua,
672 1487 734 1531 uon
767 1468 809 1532 sit
838 1469 921 1532 aliud
954 1470 1013 1534 nisi
1044 1487 1118 1532 arur
1149 1470 1226 1533 eius.
1270 1473 1302 1533 et
1335 1469 1399 1532 ideo

209 1599 234 1637 ιο
259 1573 351 1636 tectio
374 1572 429 1635 illa
450 1573 481 1636 iu
507 1572 623 1654 pascha
646 1573 769 1656 legitur,
794 1573 917 1654 quaudo
940 1574 1030 1637 Isaao
1052 1593 1156 1655 uerus,
1180 1575 1269 1638 ouius
1294 1579 1399 1656 typum

260 1676 388 1760 gerebat
404 1676 486 1741 titius
503 1677 659 1758 Abrahae,
683 1696 738 1761 pro
761 1697 875 1760 genere
898 1678 1038 1743 humano
1060 1679 1202 1760 patibulo
1225 1679 1327 1742 erneis
1349 1679 1400 1742 ad-

260 1781 374 1864 figitur.
413 1782 527 1864 legitur
558 1783 651 1845 etiam
680 1781 740 1864 <inp
766 1782 899 1846 lectione
922 1784 1000 1865 ipsa,
1029 1784 1110 1864 quod
1137 1783 1249 1846 beatus
1272 1785 1398 1846 ueniens

259 1885 420 1950 Abraham
441 1905 513 1950 ouru
529 1886 591 1950 tilio
608 1905 663 1950 suo
679 1887 794 1950 uiderit
808 1888 912 1950 iocum
933 1906 952 1950 a
971 1888 1063 1970 longe
1080 1892 1111 1952 et
1126 1889 1201 1952 dixit
1217 1889 1256 1951 ad
1275 1906 1399 1970 pueros:

260 1992 386 2055 sedete
414 1992 472 2054 hio
500 2011 580 2054 oum
608 1992 723 2056 asina.
763 2009 829 2074 ego
858 1995 893 2054 et
920 2011 1011 2074 puer
1039 1993 1326 2074 proficiscemur
1352 1996 1398 2070 et,

209 2121 233 2160 15
260 2113 339 2159 oum
374 2096 669 2177 adoraueriruus,
704 2101 939 2159 reuertemur·
969 2097 1011 2159 ad
1042 2114 1117 2160 uos.
1160 2115 1257 2178 quare
1287 2098 1398 2179 pueris

259 2201 310 2282 qui
341 2200 475 2284 figuram
506 2199 685 2265 habueruut
716 2199 915 2281 Iudaeorum,
946 2201 1075 2264 dieitur:
1112 2201 1217 2264 sedete
1249 2201 1300 2264 hio
1329 2219 1398 2264 oum

260 2306 368 2369 asino?
407 2306 559 2386 numquid
589 2307 677 2368 asina
707 2305 761 2368 illa
789 2306 896 2368 sedere
919 2308 1051 2387 poterat,
1079 2306 1215 2369 fratres?
1253 2305 1306 2368 sed
1334 2305 1398 2368 ideo

259 2407 412 2493 <dicitur>:
445 2410 549 2472 sedete
574 2429 644 2472 oum
670 2411 766 2490 asina,
799 2410 878 2491 quod
903 2407 1090 2472 Iudaeorum
1113 2410 1260 2492 populna,
1290 2411 1397 2491 quiin

261 2515 382 2578 Christo
406 2513 580 2577 crediturus
604 2531 664 2578 uon
689 2517 765 2593 erat,
798 2517 881 2577 stare
904 2531 966 2576 uon
990 2518 1122 2596 poterat,
1153 2514 1209 2577 sed
1232 2519 1268 2578 ut
1290 2513 1397 2577 debitis

207 2645 232 2684 ro
260 2621 291 2680 et
314 2618 401 2681 uolut
423 2623 550 2700 peceato
573 2618 750 2702 languidus
774 2619 827 2700 qui
850 2617 997 2709 baculum
1021 2618 1122 2681 crucis
1146 2619 1342 2701 despexerat,
1368 2619 1397 2680 iu

260 2727 374 2786 terram
405 2741 534 2786 casurus
563 2728 637 2786 erat.
677 2723 751 2785 dieit
779 2742 851 2805 ergo
878 2707 990 2786 beat-us
1013 2721 1191 2786 Abraham:
1223 2723 1329 2786 sedete
1351 2722 1396 2784 hio

259 2846 329 2890 euru
358 2828 455 2907 asina,
488 2847 544 2910 ego
572 2831 604 2890 et
630 2846 707 2909 puer
729 2826 960 2908 proficiscemur
984 2831 1024 2906 et,
1056 2845 1128 2890 eum
1156 2827 1395 2904 adoraueriurus,

258 2935 453 2995 reuertemur
477 2933 514 2995 ad
539 2950 604 2995 uos.
643 2933 715 3013 quid
740 2937 798 3011 est,
821 2933 903 3012 quod
925 2931 1013 3013 diois,
1037 2931 1129 2995 beato
1145 2930 1330 2994 Abraham?
1360 2929 1397 2993 ad

258 3036 482 3100 iruurolaudum
514 3037 613 3100 tiliuur
646 3037 735 3099 uadis
767 3044 800 3099 et
830 3036 917 3116 diois,
949 3055 1021 3099 erun
1050 3035 1115 3100 filio
1145 3036 1337 3099 reuerteris?
1372 3035 1395 3097 si

205 3165 230 3204 es
259 3141 342 3204 euim
364 3139 463 3224 (euru)
487 3141 635 3204 obtuleris
660 3141 691 3204 iu
712 3141 941 3220 holoeaustuur,
964 3141 1071 3221 utique
1092 3145 1197 3203 tecum
1216 3139 1318 3204 redire
1338 3157 1394 3202 uon

256 3246 377 3328 poterit.
416 3247 517 3326 potuit
550 3245 737 3326 respondere
773 3245 886 3307 beatus
916 3244 1094 3307 Abraham:
1128 3262 1239 3308 uerum
1270 3245 1338 3307 dieo
1367 3246 1395 3305 et

257 3350 353 3414 offero
374 3349 473 3413 filiuni
495 3355 526 3412 et
546 3357 685 3412 reuertar
705 3367 776 3411 oum
798 3349 862 3412 tilio
883 3349 922 3412 ad
942 3367 1007 3412 uos.
1047 3351 1137 3411 tauta
1157 3352 1206 3412 est
1226 3348 1303 3412 fides
1319 3364 1393 3424 urea,

256 3459 291 3520 ut
313 3455 447 3535 credam,
476 3454 558 3536 quod
580 3453 643 3534 ille,
668 3453 719 3535 qui
744 3471 816 3516 eum
840 3453 916 3517 mihi
939 3453 978 3516 de
1002 3456 1103 3516 matre
1127 3453 1227 3516 sterili
1250 3452 1392 3536 diguatus

360 3617 599 3688 pompas
655 3616 873 3685 mommo

298 3775 400 3830 ‘ldirit
412 3777 492 3844 Arop,
513 3775 578 3827 dicit
592 3776 620 3827 1)
673 3773 802 3840 3iuquid
816 3773 845 3826 D
897 3778 1038 3828 borunenr
1057 3773 1087 3826 D
1140 3772 1290 3826 sabuti)
1341 3771 1392 3822 eius

255 3863 415 3932 ,rup.,o])
488 3864 517 3917 11
537 3859 657 3930 patipulo
677 3861 716 3913 D¹
790 3863 822 3914 12
841 3861 922 3912 etiam
941 3860 1096 3929 inscripsi,
1119 3860 1201 3912 etiam
1220 3861 1257 3926 D,
1279 3860 1390 3926 iuAup.

256 3942 478 4043 ufifflmo
533 3973 792 4029 memmae
847 3973 1247 4042 upmuupmmu
1306 3968 1391 4027 uu

254 4063 323 4116 citur
342 4065 422 4131 Arrp,
442 4064 471 4115 iu
490 4063 635 4116 Drusum
654 4067 748 4127 erstot,
767 4063 799 4114 iu
817 4079 871 4129 quo
889 4061 927 4113 fr's
945 4063 1030 4129 fouisse
1047 4061 1158 4114 tardetur
1223 4063 1255 4114 ‘20
1273 4061 1389 4127 peccator

254 4155 325 4219 stirp.
380 4150 504 4220 puuuluur
524 4153 552 4204 Ι)
606 4150 753 4217 disperaret
767 4151 797 4204 Ι)
849 4154 880 4205 21
902 4155 972 4202 terra
988 4152 1014 4204 1)
1067 4151 1233 4204 cassurusI)
1283 4151 1317 4204 22
1334 4163 1389 4216 pro·

254 4239 440 4293 tioueinrurl)
493 4237 751 4292 attendamur-1}
805 4237 883 4307 dieis]
903 4237 972 4305 quod
992 4239 1140 4306 rodddup.
1195 4239 1229 4292 25
1246 4236 1387 4288 enimeum

254 4326 360 4392 seripsi,
384 4326 454 4378 euiru
480 4327 515 4392 I),
539 4341 599 4376 euru
624 4327 694 4393 drop.
762 4332 826 4393 post
851 4335 938 4378 teeuur
962 4344 1060 4380 rasura
1077 4327 1108 4378 in
1127 4326 1157 4379 1)
1173 4331 1266 4391 exstent,
1291 4325 1319 4378 in
1340 4339 1387 4392 quo

257 4392 318 4481 eri
337 4414 423 4480 fur'sse
441 4413 549 4466 ordietur
602 4415 636 4468 ao
654 4410 802 4464 habrahaur
821 4413 850 4466 D
902 4416 936 4469 28
954 4412 1042 4466 stereli
1064 4413 1091 4467 1)
