3100 4892
602 434 840 492 mmnas
1232 437 1294 504 lm

157 609 318 673 adiunctus
349 610 520 674 seeundum
551 611 776 695 euangelicam,
807 629 885 692 quae
917 612 1059 694 superius
1086 614 1135 675 est
1157 629 1293 676 comme-

156 719 286 795 morata,
310 715 514 780 sententiam:
538 716 598 780 nisi
620 716 690 797 quis
713 719 841 780 renatus
864 717 958 780 fuerit
981 735 1017 780 er
1040 733 1121 798 aqua
1136 721 1167 780 et
1182 716 1293 799 spiritu

155 823 276 898 sancto,
311 837 373 884 non
403 822 507 903 potest
536 820 653 884 intrare
682 821 714 884 in
743 837 878 904 reguum
907 820 965 884 dei.
1015 820 1215 884 manifestum
1246 825 1294 883 ost

157 941 238 1003 eum,
269 925 322 1005 qui
345 923 423 988 haec
449 924 596 1006 loquitur,
624 942 686 989 non
709 925 811 989 solum
835 925 974 989 diuinam
997 925 1028 988 in
1053 925 1162 1007 spiritu
1185 927 1294 988 sancto

156 1031 355 1109 potestatem,
385 1028 440 1092 sed
470 1029 571 1110 ipsam
602 1027 751 1112 baptismi
783 1029 902 1094 nescire
925 1029 1088 1094 rationem.
1134 1027 1293 1111 apostolus
1333 1054 1346 1094 a

157 1132 373 1196 autemdicit:
404 1132 435 1196 si
466 1137 589 1197 autem
613 1134 749 1197 mortui
771 1151 898 1198 sumus
922 1151 1001 1198 oum
1026 1131 1189 1213 Christo,
1220 1151 1294 1198 cre-

157 1236 293 1316 dimus,
323 1238 410 1319 quia
432 1238 542 1302 simul
566 1239 680 1302 etiam
712 1239 881 1302 uiuemus
909 1257 988 1302 curn
1013 1237 1173 1302 Christo.
1219 1254 1295 1318 quo·

157 1341 248 1406 modo
278 1345 384 1406 autem
415 1361 582 1424 possumus
612 1361 684 1406 cum
708 1341 832 1408 Christo
863 1344 912 1406 uel
943 1344 1021 1407 mori
1049 1342 1100 1406 uel
1122 1359 1295 1425 resurgere,

157 1446 183 1508 si
205 1446 355 1527 requiras,
386 1446 522 1510 aduerte.
569 1465 687 1527 omnes,
711 1449 899 1530 quicumque
928 1447 1122 1512 sacrofonte
1153 1444 1296 1511 submer-

157 1549 274 1632 gimur,
313 1555 446 1614 mortem
477 1556 507 1615 ct
541 1552 735 1634 sepulturam
767 1552 973 1634 redemptoris
1008 1551 1182 1631 imitamur,
1216 1551 1297 1614 sicut
1326 1577 1348 1616 u

158 1653 240 1718 idem
264 1655 424 1736 apostolus
451 1655 539 1719 dicit:
574 1673 619 1720 an
649 1656 849 1740 ignoratis,
879 1656 979 1738 quia,
1010 1656 1229 1738 quicumque
1260 1655 1297 1718 in

159 1755 308 1822 Gbristo
341 1757 526 1841 baptizati
560 1777 702 1840 sumus,
736 1761 772 1824 in
807 1763 923 1824 morte
958 1761 1077 1842 ipsius
1109 1759 1296 1843 baptizati

158 1864 308 1926 sumus?
344 1863 558 1946 consepulti
581 1865 677 1928 enirn
701 1883 828 1929 sumus
851 1883 932 1928 oum
955 1863 1102 1929 Christo
1125 1882 1188 1947 per
1211 1863 1296 1946 bap-

157 1966 308 2029 tismum
330 1967 366 2030 in
394 1971 558 2032 mortem.
593 1967 781 2044 sicutenim
804 1968 857 2032 ille
880 1967 1023 2032 triduana
1038 1973 1138 2032 morte
1154 1967 1295 2051 sepulcro

158 2070 300 2135 conditus
330 2071 399 2152 fuit,
428 2074 473 2136 ita
502 2076 534 2136 et
562 2091 619 2136 nos
649 2074 732 2138 intra
761 2091 869 2154 aquae,
900 2073 931 2136 id
961 2076 1009 2137 est
1037 2073 1121 2137 intra
1145 2075 1296 2156 cognatae
1323 2096 1349 2138 1⁵

157 2177 318 2239 creaturae
346 2176 434 2240 sinus
456 2177 539 2241 trina
561 2177 775 2242 submersione
800 2177 939 2259 depositi,
971 2177 1046 2241 dum
1069 2176 1297 2256 descendimus,

158 2280 337 2362 sepelimur,
361 2279 437 2344 dum
454 2282 653 2365 emergimur,
675 2283 873 2346 suscitamur.
908 2300 963 2363 per
983 2298 1097 2364 aquam
1119 2281 1225 2362 itaque
1248 2299 1298 2344 eo·

38 2414 42 2418 ‡
156 2382 299 2448 lebratnr
327 2384 460 2450 imitatio
490 2387 679 2469 sepulturae,
709 2405 764 2470 per
795 2386 939 2470 spiritum
970 2389 1114 2450 sunctum
1142 2385 1298 2449 confertur

158 2487 274 2552 ueritas
305 2489 390 2554 uitae
421 2493 453 2554 et
482 2509 553 2573 spes
584 2491 694 2555 salutis
725 2495 880 2555 aeternae.
934 2490 1067 2571 denique
1100 2491 1299 2553 remoueatur

157 2593 259 2657 sancti
281 2593 409 2676 spiritus
431 2595 587 2660 inuocat-io
610 2597 642 2658 et
664 2594 837 2676 uideamus,
861 2594 888 2658 si
912 2594 1078 2677 quicquam
1101 2611 1198 2675 aquae
1214 2592 1298 2657 illius
1325 2618 1351 2658 uo

157 2697 225 2761 sola
252 2698 401 2781 prodesse
423 2699 522 2782 possit
550 2699 674 2764 infusio.
720 2701 864 2762 creatura
893 2698 997 2780 itaque
1028 2701 1085 2778 est,
1109 2715 1188 2779 quae
1211 2715 1299 2779 sepe-

156 2799 254 2865 liendi
276 2803 419 2867 imitatur
441 2802 588 2883 officium,
612 2803 688 2867 deus
712 2805 769 2883 est,
794 2803 846 2884 qui
868 2801 1054 2866 beneficium
1078 2801 1188 2866 tribuit
1210 2818 1299 2865 rena-

157 2906 276 2970 scendi.
311 2925 406 2989 quom
428 2925 502 2991 ergo
524 2907 675 2991 perspicis
696 2907 901 2991 reparationis
917 2910 1089 2990 parentem,
1112 2907 1214 2988 ipsum
1231 2923 1298 2968 esse

158 3027 313 3094 cognosco
345 3016 378 3076 et
407 3012 641 3077 resurrectionis
672 3016 842 3076 auctorem.
892 3011 929 3074 de
959 3028 1020 3092 quo
1050 3010 1238 3074 uaticinatur
1268 3011 1301 3072 et

158 3115 197 3180 ad
220 3120 344 3199 patrem
367 3117 520 3200 propheta
541 3118 585 3181 sic
608 3117 759 3199 loquitur:
785 3117 914 3180 emitte
938 3116 1113 3199 spiritum
1137 3118 1241 3178 tuum
1264 3117 1299 3177 et
1325 3139 1350 3179 2⁵

158 3219 389 3285 creabuntur
423 3225 459 3286 et
491 3221 692 3286 renouabis
727 3221 862 3284 faciem
897 3223 1029 3284 terrae.
1097 3219 1172 3301 quid
1206 3219 1300 3282 distet

157 3325 241 3390 inter
273 3343 372 3408 aquae
402 3331 435 3391 et
463 3327 592 3409 spiritus
621 3326 722 3390 sancti
750 3326 984 3407 operationem?
1018 3343 1072 3408 per·
1103 3341 1217 3406 aquarn
1247 3321 1300 3386 de-

157 3429 230 3493 duci
261 3431 404 3495 uidemur
434 3432 468 3495 in
496 3431 665 3510 tumulum,
695 3448 750 3512 per
781 3429 925 3512 spiritum
956 3434 1100 3492 sanctum
1124 3425 1301 3510 praeparari

157 3535 331 3617 probamur
354 3536 393 3600 ad
415 3554 557 3620 regnum.

265 3641 1080 3752 mmmm.mmuw.mmmmwo

202 3816 449 3872 loommemorata
465 3816 538 3868 esto
607 3811 715 3880 terrm]
734 3810 840 3866 enimc
910 3809 1075 3879 Sponsimus
1093 3791 1129 3863 o*
1180 3806 1302 3862 uolente

157 3902 227 3958 mori
246 3920 331 3958 omo
383 3900 625 3969 daummergimur
638 3899 691 3954 PR
745 3901 778 3954 lo
795 3897 1000 3952 immitamurP
1054 3898 1083 3952 11
1104 3895 1176 3950 aito
1226 3893 1301 3962 igno·

157 4007 200 4046 ras
217 4010 236 4046 u
309 3988 372 4058 quia
392 3990 425 4044 in
446 3987 669 4058 eumoccidit,
690 3987 789 4043 om.P
859 3988 890 4041 13
909 3983 1028 4053 cbristo]
1052 3982 1137 4036 illoc
1197 3983 1239 4084 l14
1257 3979 1301 4034 ilie

156 4105 273 4161 enimR
327 4101 468 4172 sepulchro
479 4101 514 4170 R,
526 4100 665 4170 sepulcrho
679 4101 707 4155 P
760 4102 792 4156 15
810 4098 880 4152 iuter
897 4116 913 4152 o
929 4099 1014 4152 altero
1027 4097 1084 4152 loco
1138 4097 1170 4151 16
1183 4109 1264 4148 sunus
1278 4094 1305 4147 P

157 4189 355 4248 summersione
373 4191 401 4244 P
462 4191 493 4244 17
512 4188 707 4257 emergimusv
768 4189 803 4242 20
821 4185 930 4254 spiritus
949 4183 1067 4238 sanctio
1123 4184 1158 4237 22
1175 4180 1304 4234 omitatur

158 4309 192 4376 P,
210 4305 363 4377 praestato
415 4305 449 4358 24
467 4317 609 4371 agnoseeo
660 4267 861 4367 autoremP(o
879 4299 1024 4365 mutabit.)
1076 4299 1303 4352 aeturnum

158 4397 193 4452 26
210 4395 302 4449 distat
317 4409 335 4446 o
393 4389 601 4460 reprobamur]
620 4388 744 4442 uidemur
761 4387 790 4441 P

210 4489 267 4532 m.
283 4486 358 4528 mur.
1117 4473 1149 4522 10
