3100 4892
252 423 329 480 LXII
701 427 945 496 Prolegomena.

253 602 458 668 adiudicatus.
482 604 514 668 iu
530 603 635 668 eodiee
652 603 942 670 Chellenhamiensi
958 603 1044 668 8400
1060 625 1140 670 saee.
1157 606 1236 670 VIII
1255 605 1300 688 (n.
1320 605 1394 691 102)

253 706 349 771 Leoni
364 707 533 792 inscriptus
550 711 609 789 est,
626 709 786 792 sorIptoris
802 729 917 775 nomeu
935 729 1009 795 prae
1025 730 1059 774 ss
1075 729 1137 775 non
1154 711 1216 776 fert
1236 712 1269 774 iu
1291 711 1395 776 oodies
1523 738 1524 813 ι

251 811 504 896 cantabrigiensi
521 813 711 894 (Pembroke
729 813 869 899 Collega)
886 832 967 879 saee.
984 816 1014 879 X
1036 814 1081 897 (n.
1099 814 1155 900 83)
1178 833 1197 880 a
1219 815 1309 881 nobis
1324 833 1395 900 pas·

253 916 313 979 sim
328 916 466 980 laudato.
496 917 593 981 solius
609 917 723 982 eodieis
738 918 876 983 Palatini
892 919 1077 984 auctoritate
1092 919 1204 984 adduci
1219 938 1282 984 non
1296 921 1394 1003 potui,

252 1023 288 1083 ut
304 1039 376 1084 eum
392 1021 475 1085 inter
491 1039 651 1086 sermones
668 1023 854 1088 Faustianos
870 1024 1052 1107 reciperem,
1068 1041 1260 1106 quamquam
1276 1025 1396 1107 aliquot

251 1126 404 1190 sermonis
427 1126 511 1191 looos
535 1127 574 1190 ad
597 1127 750 1192 Faustum
773 1128 873 1193 redIre
897 1147 959 1194 non
981 1130 1100 1213 ignoro.

293 1228 402 1312 Neque
418 1249 605 1313 sermonem,
621 1232 675 1314 qui
690 1231 773 1296 hune
789 1233 905 1317 exeipit
918 1234 951 1298 in
967 1234 1071 1298 eodioe
1087 1234 1231 1300 Palatino
1251 1233 1305 1298 fol.
1321 1232 1393 1296 66¹¹:
1524 1220 1525 1291 l

250 1384 325 1448 rtem
352 1385 494 1449 aaaron
522 1385 560 1449 a
582 1385 694 1450 aaran
717 1369 786 1451 dtr.
809 1387 935 1451 eatam
959 1369 1019 1452 dir
1042 1339 1134 1473 urso.
1151 1411 1177 1454 e.
1197 1389 1279 1476 era)
1296 1412 1334 1454 aa
1355 1389 1393 1452 a

251 1511 352 1552 cauea
379 1513 400 1552 a
422 1489 557 1576 patrib;
586 1492 712 1555 uotiuet
742 1493 825 1578 (lege
852 1493 1002 1578 aretinae)
1032 1491 1269 1579 solempnitatis
1299 1494 1391 1556 iasti-

251 1604 342 1658 tatus
365 1603 389 1674 t,
420 1595 528 1660 Fausti
560 1615 628 1662 esse
652 1596 731 1662 mihi
757 1616 842 1662 nune
867 1617 1055 1681 persuasum
1083 1603 1140 1664 est.
1179 1602 1281 1664 exstat
1308 1599 1392 1664 enim

249 1702 300 1765 hle
330 1719 442 1782 sermo,
474 1702 511 1764 de
543 1721 603 1784 qno
634 1703 707 1767 olim
738 1703 770 1766 in
802 1705 914 1768 studiis
945 1705 983 1769 de
1006 1703 1118 1768 Fausti
1147 1705 1272 1788 seriptis
1303 1725 1332 1788 p.
1350 1703 1393 1766 96

250 1805 365 1868 entius
380 1805 527 1869 indicium
542 1806 623 1870 ferre
647 1807 724 1872 mihi
748 1825 809 1871 non
833 1808 931 1887 linuit,
958 1809 1041 1891 quod
1064 1809 1180 1873 frustra
1204 1828 1275 1873 eum
1299 1827 1393 1890 quae-

250 1910 316 1974 siui
340 1911 373 1972 in
396 1909 497 1974 Initiis
527 1910 678 1976 librorum
706 1917 834 1996 patrum
863 1912 1043 1992 latinorum,
1073 1914 1106 1976 in
1129 1913 1220 1978 Pauli
1242 1913 1390 1977 Winsridi

250 2014 371 2078 diaeoui
386 2014 561 2079 homiliario
583 2014 724 2099 (homilia
739 2016 777 2079 de
793 2019 934 2100 tempore
948 2016 1066 2099 XXII),
1087 2017 1142 2082 ubi
1157 2036 1194 2080 ex
1210 2021 1318 2081 saneto
1334 2017 1394 2079 Isi-

250 2118 323 2182 doro
336 2137 407 2182 eum
421 2117 641 2202 depromptum
658 2139 728 2184 esse
744 2121 869 2185 additur
885 2118 1206 2204 (MIgne‚Patrol.lat.
1217 2120 1392 2185 LXXXXV

253 2222 358 2307 1167).
383 2224 493 2288 Isidori
517 2242 632 2289 nomen
654 2242 730 2308 prae
754 2243 787 2288 se
811 2224 883 2304 fert,
906 2229 941 2288 ut
965 2225 1107 2306 exemplo
1130 2228 1211 2305 utar,
1240 2225 1336 2288 etlam
1359 2223 1392 2288 in

249 2329 352 2394 eodiee
386 2328 592 2393 bIbliotheeae
626 2329 813 2393 cathedralis
848 2327 1015 2412 UigornIae
1050 2327 1257 2412 (Woreester)
1292 2348 1322 2392 n.
1350 2326 1392 2389 92

249 2451 329 2498 saec.
347 2433 393 2496 XI
424 2432 540 2517 (sermo
562 2433 639 2517 XII)
670 2451 772 2514 neque
803 2451 1006 2514 quemquam,
1037 2432 1090 2513 qui
1120 2433 1257 2515 genuina
1283 2432 1392 2496 Fausti
1526 2512 1527 2531 ἢ

248 2557 343 2621 opera
365 2538 497 2619 nouerit,
519 2539 602 2602 hune
625 2540 796 2601 tractatum
818 2537 922 2620 potius
943 2555 1039 2618 quam
1054 2555 1231 2600 sermonem
1248 2536 1392 2620 episeopo

248 2642 373 2706 Reiensi
396 2642 626 2706 uindeaturum
650 2660 718 2705 esse
741 2644 828 2724 puto.

292 2745 378 2826 Quae
406 2764 477 2810 eum
504 2747 547 2810 ita
569 2743 646 2830 {sint
675 2745 797 2809 nullam
823 2744 918 2810 fidem
947 2748 1086 2809 meretur
1112 2745 1208 2808 eodex
1230 2745 1392 2809 Palatinus

249 2871 279 2915 n.
295 2848 360 2913 220
390 2850 423 2915 in
453 2850 614 2914 seruandis
643 2849 788 2934 genuinis
819 2849 1016 2914 sermonibus
1039 2849 1218 2913 Faustianis
1246 2852 1278 2912 et
1304 2867 1391 2913 eom·

248 2955 396 3038 probatur
429 2953 541 3038 priorIs
576 2955 729 3018 sermonis
763 2954 855 3018 titulo
890 2951 980 3014 dicta
1012 2949 1059 3015 aba
1082 2950 1237 3037 faustini
1267 2957 1390 3016 exstare

249 3059 347 3143 priore
371 3063 453 3123 serto
476 3059 543 3123 loeo
567 3077 627 3123 nou
657 3076 835 3122 sermonem
858 3057 965 3122 Fausti
988 3059 1103 3140 ipsum,
1130 3057 1185 3121 sed
1212 3075 1390 3122 sermonem

249 3165 352 3228 neseio
375 3164 461 3227 euius
486 3183 502 3225 e
525 3162 633 3226 Fausti
656 3163 746 3226 dietis
770 3163 822 3226 uel
845 3162 970 3245 seriptis
994 3163 1209 3246 compositum.

291 3268 339 3331 De
355 3267 421 3331 aliis
438 3267 626 3348 quibusdam
644 3266 840 3331 sermonibus
857 3267 974 3331 Fausto
989 3267 1145 3330 immerito
1160 3285 1180 3330 a
1194 3267 1269 3330 ulnis
1291 3265 1390 3330 doctis

248 3372 415 3456 assignatIs
438 3372 637 3436 conferantur
660 3371 765 3435 studia
787 3375 897 3435 nostra
918 3368 1220 3453 petrenessa.

482 3659 518 3724 s.
542 3657 698 3724 FAUSTI
721 3658 777 3722 DF
800 3655 994 3722 RATIONE
1017 3657 1150 3722 FIDIFI.

291 3842 390 3906 Tentu
406 3840 514 3905 Fausti
537 3841 630 3905 huius
653 3840 825 3904 uoluminis
848 3839 911 3904 inm
936 3839 1018 3922 typis
1039 3857 1184 3923 expresso
1204 3857 1255 3902 me
1276 3840 1389 3903 mellus

248 3947 404 4011 facturum
429 3946 526 4010 tuisse
550 3945 650 4026 uideo,
674 3945 700 4008 si
724 3944 833 4008 Fausti
855 3944 997 4009 libellum
1021 3945 1059 4008 de
1081 3945 1200 4009 ratione
1222 3943 1294 4007 fidei
1316 3944 1390 4008 huic

248 4051 400 4115 uolumini
427 4049 629 4114 inseruissem
658 4052 690 4113 et
715 4067 812 4112 unam
835 4048 1103 4112 Pseudo-Eusebii
1125 4047 1260 4133 (Fausti)
1287 4048 1390 4112 homi·

247 4155 361 4219 liarum
385 4154 610 4233 eolleetionem,
638 4171 709 4216 eum
732 4171 796 4234 qua
817 4154 987 4216 tractatum
1014 4153 1105 4216 illum
1128 4171 1184 4216 seu
1207 4154 1311 4235 potius
1333 4153 1391 4217 luo·

249 4260 368 4323 miliam
384 4259 421 4322 de
437 4257 578 4338 symbolo
595 4275 613 4320 a
630 4257 777 4340 Casperio
798 4258 914 4320 eddam
938 4258 1103 4321 cohaerere
1125 4275 1220 4340 supra
1240 4257 1389 4341 suspicati

248 4382 357 4427 sumus
369 4361 412 4446 (p.
422 4361 570 4445 XXXII),
582 4362 673 4426 alteri
684 4362 838 4426 uolumini
849 4363 1093 4426 reseruauissem
1106 4362 1158 4443 (ei.
1168 4361 1250 4426 infra
1260 4381 1290 4444 p.
1300 4359 1388 4444 348).
