3100 4892
597 443 841 513 Prolegomena.
1216 443 1288 500 LXV

147 617 339 698 Aniciorum,
384 638 444 700 quo
490 623 633 703 spectant
675 621 770 684 etiam
809 621 940 684 extremi
984 639 1096 685 uersus
1140 621 1286 685 carminis

147 721 187 803 (u.
207 720 246 784 19
262 723 342 808 sq.):
1170 722 1176 734 '

329 877 448 964 felices
471 880 529 966 qui
551 879 597 943 sic
622 879 659 942 dc
682 878 893 944 nobilitate
907 879 1052 967 fugaci

329 984 464 1047 recreati
487 985 523 1046 ira
546 982 645 1047 coelis
669 984 765 1047 iura
788 994 945 1048 sanutus
969 984 1093 1049 haberat.

149 1141 280 1205 Uxorem
312 1141 398 1206 duxit
427 1141 570 1207 Ruricius
599 1141 747 1223 iberiam,
777 1143 877 1206 filiam
905 1143 1055 1207 Ommatii
1085 1143 1217 1226 patricii,
1248 1144 1287 1207 ad

149 1263 237 1326 quem
267 1247 392 1330 scripsit
419 1245 563 1312 Sidonius
590 1265 685 1311 carm.
706 1247 798 1312 XVII
829 1267 983 1330 quemque
1011 1247 1208 1329 Aquitanum
1235 1248 1286 1312 uel

149 1351 247 1432 potius
277 1349 456 1414 Aruernum
486 1351 583 1416 fuisse
615 1371 650 1416 ex
681 1351 823 1416 eiusdem
854 1353 999 1416 carminis
1030 1351 1135 1416 uerbis
1166 1351 1210 1434 (u.
1233 1351 1287 1435 14)

152 1451 241 1516 Galli
258 1453 385 1516 norica
400 1475 509 1516 mensa
525 1454 576 1516 tui
591 1453 773 1520 Sirmondus
794 1460 885 1520 acute
906 1455 1009 1520 effecit
1024 1457 1164 1539 allegans
1184 1456 1288 1520 locum

150 1555 272 1641 Sulpicii
296 1559 367 1623 dial.
384 1559 400 1622 I
415 1557 467 1640 27,
484 1557 518 1624 2:
550 1558 627 1622 dum
649 1559 749 1645 cogito
772 1581 820 1622 rrae
843 1559 998 1622 bominem
1023 1557 1180 1622 Gallum
1201 1559 1289 1622 irater

151 1659 363 1746 Aquitanos
398 1659 501 1725 uerbo
528 1661 714 1746 factarum,
749 1685 875 1740 uereor,
908 1685 947 1726 oe
982 1661 1126 1749 offendat
1159 1673 1288 1726 uestras

151 1766 284 1828 niarium
310 1763 458 1830 urbasus
486 1788 583 1829 ouras
613 1789 715 1831 sermo
746 1768 913 1832 rusticior.
959 1771 1096 1850 itemque
1128 1788 1163 1833 ex
1193 1788 1287 1833 uersu

152 1871 294 1935 carminis
329 1875 480 1936 extremo:
516 1869 701 1957 (Christus)
736 1873 797 1935 hic
829 1873 910 1936 milri
939 1873 997 1956 qai
1025 1873 1177 1958 patriam
1202 1871 1289 1958 fecit

152 1996 251 2038 amore
269 1985 324 2037 too
348 1977 505 2060 colligitur
520 1977 642 2061 degisse
659 1976 855 2042 Ommatium
871 1978 904 2042 in
920 1977 997 2042 urbe
1012 1977 1169 2058 Aruerna,
1192 1996 1286 2060 quam

153 2080 279 2160 patriam
303 2081 460 2163 appellare
487 2083 588 2165 potuit
611 2080 765 2162 Sidonius
793 2083 875 2164 quod
898 2081 942 2146 ibi
968 2083 1092 2165 saepius
1115 2101 1288 2147 commora-

151 2182 237 2247 batur
261 2183 314 2266 (cl.
337 2204 367 2267 p.
387 2183 474 2266 17,6
498 2185 558 2269 L),
585 2187 688 2251 ureris
712 2187 904 2250 domicilium
928 2189 995 2251 erat
1018 2190 1112 2269 atque
1134 2188 1201 2268 ipse
1223 2187 1287 2251 iam

153 2289 282 2368 quodam
296 2289 387 2353 modo
399 2290 477 2353 ciuis
490 2294 557 2354 erat
570 2289 741 2372 Aruernus,
759 2294 926 2372 antequam
943 2291 1045 2354 faetus
1061 2295 1110 2354 est
1124 2291 1287 2374 episcopus

152 2391 199 2473 (cl.
213 2392 299 2457 Mem
305 2395 405 2457 mseni
417 2393 569 2477 praefatio
582 2395 620 2458 ad
632 2393 795 2459 Sidonium
807 2394 1014 2460 Luetiohanni
1029 2395 1286 2478 pXXXXVIII).

153 2494 271 2560 Ruricio
295 2501 327 2560 et
349 2497 468 2562 Iberiae
492 2499 730 2581 epithalamium
757 2500 892 2563 confecit
913 2497 1055 2565 Sidonius
1079 2499 1234 2583 (carmx
1257 2503 1289 2564 et

154 2597 218 2682 XI),
242 2620 278 2665 ex
302 2619 363 2683 quc
386 2620 496 2666 uersus
512 2599 553 2666 51
572 2622 639 2685 sqq.
664 2603 751 2688 digni
775 2606 858 2685 sunt,
882 2605 935 2684 qui
958 2603 1143 2668 afferantur:

235 2803 292 2820 ...
311 2753 388 2819 darn
403 2753 496 2840 festa
516 2767 621 2842 parat
643 2758 722 2841 (soil.
740 2757 853 2842 Amor)
876 2757 1084 2822 celeberrima
1103 2757 1224 2837 Galles,

236 2882 318 2944 quaa
341 2882 428 2924 socer
448 2861 638 2940 Ooamotius,
662 2884 853 2948 magnorum
873 2863 980 2926 maior
1003 2885 1143 2927 auorum

231 2963 460 3050 patriciaeque
481 2987 579 3051 recpos
601 2967 712 3052 peratis,
736 2976 834 3029 natac
854 2989 1029 3053 posteroque

236 3068 353 3134 cacolit
376 3069 535 3157 auspiciis
551 3069 692 3156 faustis.

156 3243 222 3290 cum
237 3225 382 3292 Sidonius
398 3225 439 3290 ab
463 3227 597 3290 socordio
618 3227 790 3314 religiosae
808 3227 1028 3314 professionis
1051 3229 1191 3293 carmina
1212 3247 1289 3312 pan·

155 3348 223 3411 gere
249 3332 385 3413 desierit,
415 3333 434 3396 i.
452 3352 477 3396 e.
508 3350 589 3398 anno
611 3332 674 3396 468
702 3332 756 3414 (cl.
781 3333 961 3398 Mommsen
990 3333 1011 3397 l.
1027 3333 1075 3415 1,),
1105 3337 1177 3398 autc
1207 3334 1290 3397 hunc

155 3451 267 3500 annum
301 3437 425 3520 nuptias
456 3437 573 3502 Ruricii
604 3441 635 3502 et
664 3437 786 3501 iberiae
820 3437 992 3502 celebratas
1027 3456 1096 3501 esse
1126 3441 1291 3502 consenta-

155 3557 246 3604 neum
268 3545 326 3606 est.

195 3643 239 3707 Ro
270 3647 410 3729 tempore
444 3645 578 3729 degebat
607 3646 752 3710 Ruricius
787 3644 933 3711 Gurdone
967 3645 1071 3729 (hodie
1102 3643 1289 3725 Gourdon‚

156 3749 271 3812 arrond.
288 3747 475 3830 Gourden‚
507 3749 625 3834 depart.
647 3749 735 3831 Lot),
764 3750 847 3831 quod
874 3749 1022 3833 oppidum
1049 3767 1145 3832 prope
1173 3748 1290 3814 Cadur·
1351 3755 1357 3764 '

156 3867 276 3916 censam
301 3852 413 3918 urbem
441 3857 497 3918 est.
536 3872 599 3936 qua
626 3855 663 3918 de
690 3873 723 3917 re
751 3854 925 3918 rectissime
948 3853 1122 3918 Kruscbius
1145 3853 1178 3918 iu
1200 3873 1291 3937 prae·

156 3954 268 4020 latione
290 3957 329 4020 ad
345 3957 462 4022 Ruricii
486 3957 636 4041 epistulas
653 3957 862 4024 Luetiohanni
885 3957 1012 4023 editioni
1027 3956 1145 4023 Sidonii
1167 3957 1290 4023 additas

156 4079 182 4141 p.
199 4059 302 4125 LXIII
324 4061 402 4126 haec
425 4061 513 4127 dicit:
530 4059 660 4146 foedos
684 4061 714 4124 si
733 4060 782 4124 ibi
792 4061 950 4146 possedit,
973 4059 1134 4146 epistulae
1153 4059 1210 4123 illi
1231 4061 1291 4124 Iuae

156 4160 302 4248 offertur,
329 4185 395 4250 quo
417 4161 643 4229 coracensium
662 4164 786 4249 fllium,
814 4175 852 4228 ut
879 4166 1042 4230 ‘crastino'
1070 4165 1199 4228 Briuoa
1224 4164 1291 4228 sibi

156 4280 312 4349 occurrat,
335 4269 484 4334 admouet
507 4271 568 4356 (ep.
585 4271 618 4335 Π
640 4269 706 4355 24).
734 4268 890 4334 Gurdooc
913 4270 998 4334 caim
1012 4269 1195 4334 Lcowuices
1212 4291 1290 4354 pro-

150 4369 301 4453 ficiecaoo,
329 4375 387 4461 qui
405 4374 489 4458 fiaes
514 4373 729 4440 Codurcerasis
752 4375 838 4461 papi
860 4375 1002 4454 occessit,
1030 4374 1061 4438 ai
1083 4374 1195 4438 Briuo
1214 4374 1289 4459 pri-

203 4485 258 4528 m
271 4487 343 4530 nm.
1119 4495 1136 4530 ο
