3100 4892
604 439 655 494 111.
673 439 827 509 Epistula
846 443 867 496 l.
1244 440 1305 504 163

162 614 375 679 destruantur.
413 632 470 678 nos
486 619 592 678 autem
608 634 663 697 per
677 615 949 679 inluminationem
966 613 1082 680 (thristi
1098 617 1251 680 ueraciter
1275 619 1306 680 et
1375 691 1379 702 Ι

164 717 357 782 confidenter
379 719 553 782 adserimus
581 723 613 783 et
634 738 718 798 eum,
746 720 797 800 qui
820 719 923 800 periit.
936 739 991 802 per
1014 719 1149 802 eulpam,
1181 720 1303 784 saluum

163 843 232 887 esse
254 824 394 905 potuisse
419 824 642 906 pergratiam,
666 824 692 886 si
716 823 834 905 gratiae
859 823 917 905 ipsi
938 823 1050 886 famuli
1073 822 1189 888 laboris
1213 823 1304 888 oboe-

162 929 315 994 dientiam
339 947 401 994 non
424 932 581 1012 negasset,
605 932 637 991 et
659 947 742 1006 eum,
765 927 820 1010 qui
842 927 1046 1011 pergratiam
1064 928 1102 992 ad
1117 929 1217 993 bonae
1233 947 1305 994 con·

163 1033 382 1098 summationis
413 1037 513 1097 metas
544 1033 672 1096 seruitio
703 1031 895 1114 obsequente
926 1033 1079 1116 peruenit,
1110 1032 1219 1097 cadere
1250 1051 1305 1117 per
1345 1061 1357 1097 s

163 1137 319 1202 desidiam
341 1142 373 1202 et
394 1138 495 1220 perire
518 1136 656 1220 potuisse
679 1157 734 1220 per
757 1140 891 1221 culpam.
928 1155 983 1202 nos
1008 1155 1080 1221 ergo
1096 1157 1151 1221 per
1167 1138 1304 1202 medium

163 1241 288 1307 Christo
318 1242 396 1306 duce
425 1241 605 1325 gradientes
635 1245 706 1325 post
728 1243 873 1325 gratiam,
905 1243 972 1306 sine
998 1260 1061 1324 qua
1083 1242 1162 1306 nihil
1185 1261 1304 1322 sumus,

162 1345 305 1410 laborem
339 1345 495 1410 officiosae
529 1347 691 1410 semitutis
726 1346 909 1411 adserimus.
957 1347 1010 1411 sed
1042 1347 1221 1412 omnimodo
1250 1348 1305 1411 ad·

163 1451 342 1533 rogantiam
368 1455 401 1513 et
422 1451 709 1534 praesumptionem
732 1449 848 1515 laboris
872 1451 1073 1532 excludimus,
1104 1454 1139 1515 ut
1161 1452 1235 1516 totis
1258 1452 1306 1515 ui·

164 1555 250 1619 ribus
280 1555 481 1634 desudantes,
511 1575 551 1619 ne
580 1557 680 1639 gratia
709 1557 742 1622 in
772 1556 862 1622 nobis
886 1561 1064 1638 euacuetur,
1095 1558 1243 1641 quidquid
1267 1559 1304 1622 de
1333 1583 1358 1622 ro

165 1679 260 1724 manu
289 1659 408 1725 domini
438 1661 678 1744 susceperimus
712 1661 830 1725 donum
859 1662 1098 1744 pronuntiemus
1129 1681 1208 1742 esse,
1242 1681 1304 1727 non

164 1765 350 1848 praemium,
372 1765 504 1829 seientes
527 1764 642 1830 laboris
665 1765 764 1848 ipsius
788 1767 926 1830 fructum
949 1764 1041 1830 olficii
1057 1785 1123 1830 rem
1140 1785 1218 1846 esse,
1244 1785 1304 1832 non

164 1869 276 1948 meriti,
292 1887 366 1932 cum
380 1869 575 1952 euangelista
589 1869 741 1933 dicentes:
761 1870 863 1934 serui
879 1871 1034 1934 inutiles
1051 1889 1193 1951 sumus,
1210 1872 1305 1953 quod

164 1972 358 2037 debuimus
381 1973 505 2038 tacere
528 1974 695 2038 fecimus.

207 2077 304 2157 Haec,
335 2095 413 2159 quae
436 2077 571 2142 strictim
593 2096 649 2160 pro
672 2077 825 2161 epistulae
848 2075 1001 2143 breuitate
1025 2083 1199 2144 memorata
1220 2084 1303 2160 sunt,
1334 2106 1357 2145 n

165 2185 220 2246 aut
248 2183 385 2264 recipere
414 2201 448 2246 se
479 2185 534 2246 aut
562 2201 708 2265 respuere
738 2183 927 2246 unanimitas
959 2187 1013 2247 tua
1038 2187 1216 2248 recurrente
1239 2203 1304 2248 ser-

167 2304 257 2350 mone
280 2286 478 2369 respondeat.
513 2290 653 2350 ceterum
675 2288 729 2369 qui
750 2287 832 2351 banc
847 2287 989 2352 ueritatis
1006 2306 1185 2352 mensnram
1202 2289 1305 2372 gratia

166 2391 368 2473 praecedente
398 2394 430 2454 et
460 2396 573 2456 conatu
603 2391 790 2475 adsurgente
821 2410 883 2457 non
914 2393 1062 2475 sequitur,
1094 2392 1206 2476 dignus
1235 2393 1303 2474 erit,

167 2496 218 2575 qni
240 2513 259 2560 a
281 2496 378 2559 sacris
408 2495 569 2560 liminibus
601 2500 751 2560 arceatur.
800 2513 857 2580 ego
880 2501 986 2561 tamen
1009 2496 1204 2561 indiuiduam
1227 2497 1303 2561 mibi

166 2599 338 2664 bonitatem
367 2603 455 2664 tuam
481 2604 547 2663 toto
570 2600 708 2664 sincerae
732 2600 934 2684 benignitatis
958 2602 1101 2684 amplexu
1125 2601 1157 2666 in
1180 2602 1232 2665 uia
1255 2621 1303 2665 re·
1330 2629 1356 2666 so

167 2705 267 2768 tinens
289 2705 373 2768 intra
395 2705 504 2768 matris
528 2705 676 2768 ecclesiae
698 2705 853 2788 gremium
869 2723 1053 2788 permanere
1068 2707 1231 2790 repudiato
1246 2707 1303 2770 hoc

167 2827 265 2873 errore
289 2808 441 2872 desidero.
486 2809 538 2890 qui
562 2809 589 2871 si
611 2810 672 2872 cito
695 2813 871 2891 respuatur,
900 2811 1075 2893 ignorantia
1098 2811 1194 2875 luisse
1218 2810 1304 2874 uide·

166 2912 257 2993 bitur,
288 2911 483 2995 blasphemia
505 2930 580 2976 uero
603 2912 810 2996 reputabitur,
834 2913 861 2978 si
883 2915 1086 2996 pertinaciter
1108 2915 1302 2980 defendatur.

167 3035 293 3098 grauem
314 3035 449 3100 namque
469 3017 501 3081 in
519 3022 679 3081 auctorem
694 3022 912 3099 retorquemus
928 3019 1087 3099 inuidiam,
1111 3021 1137 3082 si
1153 3019 1303 3100 dicamus,

167 3122 243 3203 quod
275 3123 303 3185 ei
333 3122 573 3205 possibilitatem
605 3123 814 3204 capessendae
845 3123 955 3187 salutis
987 3124 1121 3188 noluerit
1150 3124 1222 3188 dare
1250 3124 1303 3205 qui
1330 3150 1355 3189 ss

168 3227 264 3307 periit,
288 3227 332 3309 [ei
356 3226 529 3306 dumtaxat,
553 3228 607 3308 qui
628 3245 738 3310 capere
761 3227 825 3291 iam
848 3228 947 3310 possit
964 3227 1084 3292 arbitrii
1100 3227 1302 3310 libertatem]

269 3407 314 3475 13]
332 3406 395 3461 Luc.
411 3409 505 3470 17,10.

209 3585 222 3638 l
236 3581 404 3636 distruuntur
416 3583 450 3652 P,
469 3581 644 3637 destruuntur
658 3582 680 3637 S
731 3584 747 3637 2
760 3581 909 3635 adserimus
923 3581 946 3637 S
951 3585 966 3649 ¹,
980 3583 1122 3635 asserimus
1135 3583 1163 3638 P
1214 3583 1230 3637 3
1246 3583 1301 3652 ipse

168 3695 316 3750 Mommsen
368 3695 451 3764 ipsius
472 3693 614 3748 famulatui
637 3695 779 3750 Baronius
833 3652 1002 3748 ttdesidr‘eem
1022 3697 1049 3750 P
1100 3695 1254 3750 8olflciose
1273 3697 1302 3763 S,

167 3779 309 3836 laboriosae
328 3782 469 3838 Baronins
522 3783 665 3836 asserimus
678 3783 706 3836 P
757 3783 1020 3851 9presumptionem
1039 3785 1062 3840 S
1114 3787 1143 3838 ll
1163 3784 1302 3852 susciperi-

168 3885 224 3922 mus
247 3871 274 3924 P
342 3869 546 3938 pronuntiamus
569 3889 585 3924 n
657 3871 688 3924 12
711 3869 843 3938 premium
866 3871 895 3938 S,
921 3871 1055 3938 praecium
1078 3871 1112 3939 P,
1134 3871 1249 3940 pretium
1271 3872 1306 3926 H

170 3957 199 4010 13
210 3954 385 4025 euangelistla
397 3955 547 4012 dicente'S
599 3957 731 4024 lbporP
782 3955 928 4009 abreuitate
943 3958 971 4025 S,
985 3957 1131 4011 braeuitate
1145 3959 1172 4012 P
1219 3960 1303 4012 lore-

169 4058 254 4112 cepere
273 4045 325 4100 PS
384 4043 550 4112 ingratiam
569 4043 596 4097 P
658 4046 689 4099 19
708 4061 724 4098 a
741 4061 791 4098 om.
806 4045 839 4097 H
896 4043 1033 4098 liminibus
1055 4044 1255 4100 columinibus
1278 4046 1305 4099 P

169 4131 266 4200 tamen]
285 4134 375 4185 autem
393 4131 535 4186 Beronices
588 4129 655 4184 mihi
672 4148 758 4186 omo
800 4123 845 4186 Ι20
863 4131 964 4184 sincero
983 4132 1010 4185 P
1063 4133 1227 4200 iri-gremio
1246 4133 1303 4186 Ba·

169 4219 259 4272 ronias
324 4221 357 4275 21
377 4217 528 4274 eclesiaeS
594 4217 761 4286 permanere]
781 4221 806 4270 te
825 4219 889 4271 cdd.
909 4219 1059 4273 Mommsen
1126 4221 1160 4274 22
1180 4220 1303 4286 ignoran-

170 4303 219 4356 tiae
240 4305 268 4358 P
330 4305 427 4358 luisses
450 4306 477 4359 P
540 4306 574 4359 24
600 4321 682 4372 graue
711 4305 734 4361 S
793 4319 923 4372 namqnae
947 4305 974 4358 P
1033 4308 1067 4360 25
1094 4305 1249 4374 capisondae
1278 4307 1305 4360 P

171 4391 203 4443 26
218 4391 425 4446 ei—libertatem
445 4392 479 4460 P,
497 4409 547 4446 ona
561 4392 624 4461 HS,
643 4409 725 4462 qnare
742 4393 822 4446 omme
840 4393 940 4446 inclusi
993 4396 1081 4460 posset
1098 4411 1113 4446 o

1096 4478 1146 4529 11·
