3100 4892
257 420 296 482 16
637 490 642 499 Ι
717 420 738 473 Ι.
758 420 802 473 De
821 419 929 488 gratia

256 596 420 678 deputatos
436 596 568 678 ignorat,
591 598 757 677 utramque
781 599 886 659 tamen
911 599 1033 676 partem
1054 594 1187 659 deliram
1207 613 1275 659 csse
1299 599 1330 659 et
1345 595 1391 658 in·

255 700 440 763 mutabilem
464 718 524 764 non
549 700 680 783 ignorat.
705 700 780 782 quid
802 700 908 780 refert,
938 700 1123 763 sinendum
1147 700 1269 764 nouerit
1290 701 1391 763 locum

254 823 361 885 suurn,
390 806 443 887 qui
471 804 687 869 definitissime
715 805 817 884 nouit,
847 806 920 886 quia
947 804 1069 867 nullum
1096 806 1158 868 iam
1185 804 1315 887 recipiat
1342 803 1392 867 uel

254 909 381 972 dextera
398 909 569 991 periculum
585 910 636 972 uel
653 908 779 973 sinistra
790 908 986 991 profectum?
1003 907 1111 990 quodsi
1126 908 1227 972 adhuc
1243 912 1308 972 tam
1321 926 1392 971 con-

215 1026 227 1063 5
254 1014 325 1076 fusa
346 1013 505 1096 persuasio
525 1012 697 1077 orationem
717 1012 925 1076 necessariam
941 1015 1040 1094 putat,
1064 1012 1277 1076 indubitanter
1298 1030 1392 1095 agno-

255 1120 331 1196 scat,
355 1117 428 1199 quia
450 1120 559 1181 contra
581 1116 794 1180 definitionem
811 1134 901 1179 suam
918 1119 949 1179 et
965 1115 1002 1178 de
1018 1116 1118 1179 salute
1135 1116 1173 1179 ad
1188 1116 1391 1197 perditionem

254 1224 286 1283 et
302 1221 338 1283 de
353 1221 524 1302 perditione
540 1222 672 1284 transire
686 1220 802 1302 poterit
818 1220 857 1284 ad
873 1221 1016 1284 salutem.
1046 1220 1072 1283 si
1088 1238 1161 1302 ergo
1177 1220 1283 1283 orandi
1300 1238 1392 1283 usum

253 1324 566 1407 praetermittendum
596 1344 664 1388 esse
695 1344 757 1389 non
789 1323 948 1404 aestimat,
984 1323 1122 1387 studium
1153 1342 1215 1387 non
1249 1324 1393 1388 excludat

254 1428 410 1511 operandi.
443 1429 580 1510 quidest
598 1429 678 1492 hoc?
708 1429 834 1511 pulsare
850 1428 962 1492 debere
986 1447 1036 1491 me
1060 1428 1176 1491 iudicas
1201 1431 1230 1492 et
1253 1428 1392 1511 aperien-

204 1550 228 1587 10
255 1533 330 1596 dom
352 1533 428 1595 mihi
452 1552 520 1596 esse
543 1532 710 1615 desperas?
748 1533 935 1596 alterutrum
959 1550 1031 1615 ergo
1054 1532 1158 1611 faciat,
1183 1536 1235 1596 aut
1257 1532 1393 1596 fructum

254 1637 401 1701 orationis
425 1640 519 1720 neget
541 1640 597 1700 aut
617 1637 721 1720 legem
744 1639 881 1700 statutae
904 1636 1086 1718 perditionis
1109 1636 1260 1701 excludat.
1306 1636 1392 1699 uide-

254 1759 325 1805 mus
354 1742 473 1822 itaqne‚
507 1741 579 1822 quia
608 1741 685 1804 haec
714 1741 808 1823 plena
838 1741 948 1805 erroris
979 1740 1123 1820 assertio,
1157 1739 1232 1803 dum
1265 1757 1392 1803 causam

254 1844 432 1909 intercludit
454 1844 572 1924 orandi,
596 1844 634 1908 de
656 1846 724 1909 luce
747 1845 867 1928 gratiae
889 1844 998 1925 insipit
1022 1847 1052 1907 et
1068 1843 1138 1907 linis
1162 1844 1227 1906 eius
1250 1844 1283 1907 in
1307 1847 1393 1907 tenc-

254 1948 326 2012 bras
346 1949 499 2031 sacrilegii
521 1948 657 2013 decurrit
672 1966 708 2012 ac
724 1948 837 2012 deficit.
869 1949 913 2012 sic
929 1948 1070 2011 diabolus
1093 1948 1260 2012 calliditate
1276 1947 1392 2011 ueteris

204 2071 228 2109 1⁵
253 2053 376 2118 artificii
408 2072 444 2117 ac
475 2053 675 2117 multiformis
706 2054 822 2136 ingenii
853 2053 957 2117 condit
986 2052 1203 2117 blandimenta
1232 2052 1390 2135 peccandi.

254 2158 298 2221 sic
315 2158 408 2221 etiam
425 2156 558 2221 malefici
574 2158 676 2221 facere
693 2158 804 2237 solent,
826 2157 878 2239 qui
894 2156 1070 2221 mortiferos
1086 2156 1254 2220 herbarum
1271 2161 1391 2239 tempe-

252 2266 325 2326 rant
347 2280 448 2342 sucos,
472 2262 504 2324 in
528 2262 650 2325 condito
667 2265 721 2325 aut
741 2262 845 2342 aliquo
866 2261 946 2324 dulci
961 2261 1071 2344 poculo
1096 2259 1306 2325 nescientibus
1322 2278 1392 2343 pro-

253 2366 406 2450 pinaturis
429 2370 556 2449 gustum
579 2366 712 2430 mentita
738 2366 895 2429 suauitate
918 2370 1106 2449 conponunt,
1134 2366 1219 2428 uirus
1243 2366 1393 2429 amaritu-

254 2471 333 2535 dinis
349 2470 517 2535 obscurant
539 2469 647 2533 fraude
663 2470 845 2533 dulcedinis.
879 2474 1023 2551 prouocat
1046 2470 1166 2552 primns
1182 2470 1256 2533 odor
1279 2468 1392 2551 poculi,

202 2590 228 2629 20
255 2576 309 2639 sed
332 2576 491 2658 praefocat
511 2574 651 2637 inclusus
674 2591 765 2656 sapor
789 2574 908 2637 ueneni.
942 2574 1005 2637 mel
1029 2574 1181 2654 estquod
1204 2573 1346 2638 ascendit
1360 2574 1392 2637 in

252 2678 346 2759 labia,
369 2678 411 2741 fel
434 2681 482 2742 est
505 2678 586 2759 quod
609 2677 767 2741 descendit
789 2678 821 2741 in
845 2678 975 2741 uiscera.

296 2783 424 2862 Dicunt,
447 2782 530 2864 quod
549 2783 581 2845 in
598 2782 746 2846 alterutro
768 2801 874 2846 rernm
899 2786 984 2846 statu
1008 2782 1077 2845 illos
1101 2782 1161 2845 sibi
1184 2800 1267 2845 mors
1290 2781 1393 2846 uindi-

254 2891 313 2967 cet,
335 2887 411 2950 istos
434 2887 501 2950 uita
515 2886 670 2950 defendat.
700 2904 867 2968 quaecum
890 2886 1004 2966 dicant,
1028 2886 1081 2967 qui
1103 2904 1202 2950 unum
1225 2886 1256 2949 in
1272 2886 1391 2969 origine

254 2991 420 3074 perditum,
449 2991 581 3054 alterum
609 2990 641 3054 in
668 2991 950 3073 praedestinatione
978 2990 1121 3053 adfirmat
1148 2990 1291 3069 electum,
1318 2991 1391 3054 uide

202 3110 228 3149 rs
255 3113 314 3177 quo
342 3093 472 3177 inproba
497 3095 698 3176 persuasione
721 3093 864 3159 declinet.
911 3094 984 3176 quid
1009 3094 1091 3157 enim
1116 3093 1198 3157 aliud
1222 3094 1306 3173 dicit,
1330 3094 1392 3159 nisi

254 3199 336 3280 quod
359 3199 510 3262 adiutorio
533 3198 682 3262 orationis
705 3203 816 3262 neuter
842 3198 1002 3281 indigeat?
1048 3216 1121 3260 nam
1150 3198 1212 3260 iam
1234 3198 1392 3279 praeordi-

253 3305 336 3368 natis
359 3303 398 3367 ad
420 3304 520 3368 uitam
542 3303 719 3367 necessaria
734 3321 796 3367 non
813 3303 881 3383 erit,
904 3303 1060 3385 deputatis
1081 3302 1119 3367 ad
1144 3306 1277 3367 mortem
1300 3302 1393 3385 prod·

255 3426 322 3471 esse
345 3426 407 3471 non
427 3408 550 3491 poterit.
580 3408 614 3469 in
628 3408 688 3471 isto
705 3425 907 3491 superuacua,
930 3407 963 3470 in
979 3407 1031 3470 illo
1054 3405 1178 3471 infirma
1192 3406 1390 3470 iudicabitur.

253 3510 405 3576 beneficia
420 3511 665 3594 supplicationis,
684 3511 736 3592 qui
752 3511 784 3575 in
796 3511 1012 3592 adquisitionis
1028 3510 1308 3593 praedestinatione
1332 3515 1391 3590 est,

202 3628 228 3668 ³⁰
255 3634 316 3680 non
343 3615 483 3696 requirit,
512 3614 564 3696 qui
590 3632 663 3679 uero
679 3614 710 3676 in
725 3615 907 3695 perditionis
930 3618 1029 3697 parte,
1053 3631 1114 3679 non
1137 3614 1254 3697 recipit.
1293 3614 1392 3695 quod·

254 3720 281 3783 si
296 3736 401 3783 curam
418 3717 658 3801 impendendam
674 3718 822 3782 aestimat
838 3719 977 3798 orationi,
1000 3718 1212 3782 indubitanter
1227 3718 1394 3801 intellegat

297 3924 586 3995 8praetermitendum
604 3926 632 3979 P
691 3925 800 3978 estimat
818 3925 845 3978 P
905 3925 1044 3994 llpulsare
1062 3924 1157 3978 debere
1175 3926 1214 3992 (re
1233 3923 1298 3977 debe
1317 3942 1390 3979 1111111.

254 4014 313 4079 ult.)
332 4014 359 4066 P
424 4014 456 4067 10
475 4012 593 4081 disperas
612 4013 639 4066 P
703 4015 735 4068 12
752 4011 834 4080 plana
851 4013 879 4067 P
942 4016 974 4069 14
997 4012 1109 4066 incurrit
1132 4012 1160 4065 P
1222 4010 1346 4064 diabulus
1366 4013 1394 4065 P

255 4102 287 4155 17
305 4098 484 4169 propinaturis
502 4100 608 4168 scripsi,
626 4099 794 4168 propinaturi
812 4100 840 4153 P
889 4101 922 4154 21
942 4100 1074 4153 discendit
1092 4101 1119 4153 P
1163 4101 1196 4155 23
1215 4098 1336 4153 defendit
1350 4101 1390 4153 P¹

254 4185 326 4240 dicat
344 4188 394 4254 P¹,
413 4185 507 4239 dicunt
523 4204 540 4239 o
600 4188 635 4241 24
651 4186 886 4255 praedistinatione
905 4186 932 4239 P
992 4190 1025 4241 29
1044 4186 1105 4254 quia
1123 4186 1150 4239 P
1205 4186 1391 4253 adquisitionis

253 4272 493 4340 praedestinatione
505 4274 611 4341 scripsi,
624 4272 809 4340 adquisitionis
821 4272 1069 4341 praedistinationes
1079 4273 1113 4340 P,
1125 4272 1300 4340 adquisitione
1313 4288 1390 4340 prae-

254 4358 438 4412 destinationis
456 4378 473 4413 o
