3100 4892
610 410 674 465 1111.
690 409 798 465 Sermo
817 412 841 465 3.
1229 407 1292 474 233

156 585 254 651 lectus
271 589 328 666 est,
349 587 517 669 pretiosa
532 587 580 650 sit
595 586 632 651 in
647 589 852 669 conspectu
867 584 1007 650 domini
1025 602 1123 649 mors
1146 588 1293 649 sancto·

157 689 351 772 rumeins,
375 690 497 773 siquid
520 694 626 756 tamen
649 691 764 756 distare
787 689 869 754 inter
891 692 1044 773 martyres
1067 692 1180 773 potest,
1203 707 1294 773 prae-

157 794 265 877 cipuus
295 795 454 859 uideretur
484 814 552 860 osso
583 813 657 878 prae
688 792 849 874 omnibus,
880 793 933 876 qui
963 794 1082 877 primus
1113 796 1169 857 ost.
1220 811 1294 858 nam

158 916 228 962 cnm
258 902 386 964 sanctus
416 898 592 984 Stephanus
624 900 772 964 diaconus
804 898 842 964 ab
875 898 1022 981 apostolis
1052 897 1213 963 ordinatus
1243 897 1294 978 sit,

157 1003 311 1087 apostolos
338 1003 422 1087 ipsos
449 1003 542 1068 beata
565 1021 601 1068 ao
629 1003 811 1087 triumphali
838 1005 938 1067 morte
965 1002 1146 1085 praecessit.
1192 1002 1334 1066 aesica

158 1110 209 1190 qui
231 1111 299 1172 arat
319 1108 446 1174 inferior
469 1109 584 1189 ordine,
612 1109 730 1192 primus
753 1109 856 1173 factus
880 1107 982 1172 estin
1009 1107 1154 1191 passione
1177 1109 1219 1187 ot,
1242 1107 1297 1189 qui

159 1216 224 1277 orat
246 1212 416 1296 discipulus
438 1213 548 1297 gradu,
575 1214 725 1297 magister
748 1212 850 1296 coepit
877 1230 945 1276 esse
972 1211 1121 1294 martyrio
1148 1211 1296 1294 conplens

158 1317 244 1398 illud,
272 1317 354 1399 quod
381 1317 491 1382 beatus
517 1318 671 1402 propheta
697 1318 729 1383 in
756 1318 889 1401 psalmo,
917 1318 970 1400 qui
995 1317 1097 1380 lectus
1120 1320 1179 1397 est,
1206 1317 1296 1381 dixit:

160 1421 247 1504 quid
274 1420 481 1486 retribuam
510 1423 656 1488 domino
683 1441 747 1505 pro
775 1421 964 1502 omnibus,
994 1439 1089 1504 quae
1116 1420 1299 1486 retribuit

159 1525 274 1590 milri?
297 1524 467 1591 retribuere
484 1527 568 1592 enim
583 1527 704 1610 primus
721 1527 820 1592 uoluit
834 1524 1012 1610 Stephanus
1029 1529 1147 1608 martyr
1162 1525 1298 1605 domino,
1326 1544 1351 1586 ro

160 1631 340 1712 quodcum
368 1632 453 1696 omni
483 1633 619 1697 humano
647 1650 760 1716 genere
789 1631 910 1712 accepit
936 1649 955 1694 a
981 1630 1115 1694 domino.
1164 1634 1298 1694 mortem

160 1735 254 1814 enim,
277 1753 371 1818 quam
395 1736 540 1820 dignatus
564 1739 613 1801 ost
635 1737 772 1801 saluator
794 1752 850 1818 pro
873 1733 1021 1799 omnibns
1043 1736 1119 1818 pati,
1142 1735 1223 1798 hanc
1246 1733 1299 1798 illo

159 1841 280 1923 primus
303 1839 436 1905 reddidit
458 1843 616 1907 saluatori.

202 1945 280 2008 Post
302 1944 379 2008 haec
402 1944 533 2012 subiecit
556 1947 708 2029 scriptura
731 1963 820 2010 saera
842 1947 874 2008 et
896 1944 954 2008 ait:
981 1942 1117 2026 positis
1140 1942 1300 2027 genibus

162 2049 345 2113 clamauit
369 2049 511 2114 diceus:
540 2050 701 2130 domine,
729 2069 772 2114 ne
795 2052 943 2113 statuas
966 2048 1047 2112 illis
1070 2047 1196 2112 hocin
1219 2065 1301 2131 pcc·
1329 2065 1354 2107 rs

162 2157 295 2218 catum.
328 2156 441 2235 uidete,
465 2154 658 2220 dilectissimi
681 2155 805 2234 fratros,
828 2152 977 2218 affectum
1000 2151 1084 2216 beati
1106 2152 1174 2232 uiri,
1198 2151 1302 2215 uidete

164 2276 312 2342 magnam
337 2263 369 2324 et
390 2259 567 2324 mirabilem
591 2259 762 2323 caritatem.
801 2258 833 2322 in
855 2257 1070 2340 persecutione
1092 2256 1213 2340 positus
1236 2259 1304 2319 erat

163 2367 195 2426 ct
225 2381 282 2446 pro
314 2363 565 2446 persecutoribus
598 2363 721 2428 domino
754 2361 953 2444 subplicabat
982 2363 1074 2443 atque
1101 2361 1134 2424 in
1163 2359 1304 2441 lapidum

162 2467 264 2547 ruina,
288 2467 409 2549 quando
432 2469 510 2532 alius
526 2467 666 2533 obliuisci
688 2470 811 2550 poterat
833 2466 930 2530 otiam
953 2465 1129 2529 carissimos
1146 2481 1228 2543 suos,
1250 2463 1304 2526 ille

164 2572 290 2638 domino
314 2571 552 2638 commendabat
575 2572 727 2636 inimicos.
773 2570 847 2654 quid
870 2570 954 2635 enim
976 2568 1108 2648 dicebat,
1131 2587 1203 2631 cum
1225 2567 1304 2650 lapi·
1330 2588 1357 2628 ro

164 2676 312 2742 daretur?
347 2677 481 2758 domine,
506 2696 545 2741 ne
569 2669 772 2741 statuas'illis
795 2675 901 2740 hocin
924 2677 1097 2757 peccatum.
1133 2674 1203 2756 plus
1219 2673 1305 2737 enim

164 2787 243 2846 tunc
270 2782 395 2846 illorum
418 2781 543 2847 dolebat
569 2784 697 2864 peccata
719 2797 814 2863 quam
838 2796 895 2844 sua
918 2779 1058 2858 uulnera,
1085 2779 1156 2861 plus
1174 2777 1305 2847 illorum

163 2886 359 2969 impietatem
382 2905 477 2968 quam
505 2903 594 2950 suam
625 2889 767 2950 mortem.
813 2888 845 2948 et
873 2887 957 2948 recte
987 2883 1067 2967 plus.
1118 2884 1149 2946 in
1181 2882 1305 2945 illorum

164 2991 281 3074 quippe
311 2991 472 3072 impietate
500 2993 589 3054 orant
619 2990 729 3070 multa,
762 3007 841 3072 quae
865 2987 981 3052 debent
1011 2987 1128 3070 plangi,
1159 2986 1191 3049 in
1221 2985 1305 3049 illius

164 3097 273 3160 autem
297 3097 397 3159 morte
421 3113 481 3159 non
506 3099 603 3175 orant,
627 3112 705 3177 quae
727 3093 824 3158 dolori
847 3092 1006 3156 deberent.
1049 3090 1175 3154 illorum
1197 3089 1307 3171 impie·
1333 3110 1359 3152 as

164 3202 266 3263 tatem
291 3217 374 3263 mors
391 3198 579 3281 sequebatur
595 3202 731 3277 aeterna,
755 3197 848 3261 huius
865 3200 970 3261 autem
992 3198 1126 3259 mortem
1149 3192 1216 3257 uita
1237 3211 1308 3276 per-

164 3308 271 3387 petua.
306 3304 466 3368 imitemur
489 3322 562 3387 ergo
585 3304 616 3368 in
637 3303 750 3385 aliquo,
774 3300 970 3366 dilectissimi
992 3300 1115 3379 fratres
1138 3298 1219 3362 tanti
1240 3313 1307 3360 ma·

163 3409 259 3492 gistri
281 3407 386 3489 fidem,
409 3411 474 3472 tam
496 3407 647 3491 praeclari
671 3406 817 3490 martyris
840 3407 1012 3470 caritatem.
1059 3403 1226 3487 diligamus
1248 3401 1308 3464 hoc

165 3513 273 3577 animo
295 3513 327 3577 in
344 3514 474 3578 ecclesia
495 3513 607 3577 fratres
624 3517 758 3591 nostros
782 3528 842 3593 quo
857 3509 915 3596 ssille
936 3513 1012 3573 tunc
1028 3507 1134 3572 dilexit
1155 3507 1307 3571 inimicos.

277 3751 874 3824 1wmnmm.mmmnmm
931 3750 1144 3818 musmo

209 3989 385 4061 »tapostolus
403 3991 442 4046 D¹
496 3955 625 4042 ordinatis
640 3990 667 4043 1)
724 3989 798 4044 deit
814 3994 877 4041 onte
895 3989 952 4038 arat
969 4002 1075 4039 omrem
1092 3982 1165 4037 iaD
1223 3983 1310 4035 7cae-

164 4081 207 4150 pit
231 4081 262 4135 D
320 4082 409 4145 aque
432 4078 461 4131 D
519 4079 551 4131 10
575 4075 669 4128 martir
687 4077 716 4130 D
771 4077 801 4129 11
822 4073 918 4141 accipit
935 4073 966 4126 D
1022 4068 1311 4138 1516666666

168 4191 419 4250 mnmmmn
473 4155 726 4258 mmmmmo
779 4185 907 4254 mmo
960 4184 1087 4238 unm
1141 4179 1311 4236 mmmm

166 4285 201 4337 24
219 4295 274 4349 que
292 4279 321 4333 I)
385 4279 418 4334 25
437 4291 486 4345 que
505 4277 533 4330 D
599 4275 822 4328 coloniolam
840 4274 920 4342 Aug,
939 4270 1028 4324 dolore
1047 4271 1076 4324 D
1150 4269 1184 4322 26
1202 4282 1309 4334 sequac-

166 4367 248 4422 baiur
268 4367 297 4421 D
354 4367 387 4420 27
406 4364 547 4418 emitomur
564 4364 593 4416 D
645 4362 674 4414 in
693 4362 723 4416 I)
740 4363 781 4416 bia
834 4363 868 4416 28
886 4358 1004 4412 martiris
1023 4358 1053 4411 D
