3100 4892
246 394 287 458 68
707 394 729 449 I.
749 394 794 449 De
811 395 920 463 gratie

244 569 363 653 gratiae
375 569 504 653 largitas
517 571 575 649 est,
591 569 673 651 quod
685 569 911 653 professionem
923 569 1049 635 eraditis
1061 588 1124 635 non
1137 570 1384 651 aooommodant,

244 675 360 738 mentis
391 673 562 757 inprobitas
596 677 645 737 est
674 677 705 738 et
738 675 876 758 inpletur
905 675 937 739 in
968 675 1026 739 eis:
1061 675 1122 758 qui
1156 679 1280 739 autem
1315 693 1384 739 nou

244 778 373 859 habet,
396 778 509 843 etiam
532 778 627 860 quod
648 777 762 843 habet
785 779 977 843 auferetur
1000 778 1043 844 ab
1068 797 1117 845 eo.

286 883 366 947 lteee
385 882 539 965 quomodo
559 881 676 948 bonum
696 883 868 947 uoluntatis
889 887 920 947 et
939 882 1011 947 fidei
1032 884 1170 975 admixta
1190 883 1314 949 malitia
1332 883 1385 947 de·

203 1016 216 1056 s
241 988 396 1072 praeerit,
417 988 499 1051 sieut
519 988 580 1051 elio
599 988 666 1051 loeo
685 987 718 1052 in
738 988 848 1052 eodem
869 988 1031 1072 euangelio
1051 988 1116 1070 ipse
1133 988 1279 1052 dominus
1296 988 1383 1053 dioit:

242 1093 423 1175 quomodo
442 1092 604 1175 potestis
624 1109 689 1157 uos
709 1093 874 1173 erodere,
898 1094 960 1176 qui
980 1094 1140 1177 gloriam
1160 1093 1202 1157 ab
1219 1093 1383 1157 inuioem

243 1196 418 1281 aoeipitis
435 1201 471 1261 et
485 1197 658 1281 gloriam,
675 1215 769 1279 quae
786 1215 804 1261 a
820 1198 897 1261 solo
914 1201 971 1262 est
986 1198 1066 1278 deo,
1088 1215 1159 1262 non
1178 1197 1383 1279 quaeritis?

242 1301 329 1366 uides
360 1319 442 1385 ergo,
473 1302 556 1383 quia,
587 1302 667 1366 sieut
696 1300 871 1385 subpressis
899 1303 1000 1365 eausis
1028 1301 1229 1367 absconditur
1256 1302 1382 1381 ueritas,

242 1405 288 1470 ite
309 1406 485 1470 manifestis
507 1410 687 1470 remanetur
709 1406 893 1487 obscuritas
917 1424 996 1488 quae
1019 1406 1052 1470 in
1070 1407 1180 1470 Esaiae
1203 1406 1383 1470 testimonio

191 1537 216 1577 ro
242 1510 400 1575 densiores
416 1510 509 1594 paulo
524 1509 656 1575 nebulas
671 1510 795 1575 uidetur
810 1510 975 1591 obducere,
995 1510 1070 1575 dum
1086 1528 1148 1591 eos,
1164 1528 1242 1593 quos
1258 1510 1384 1594 propria

241 1615 381 1697 nequitia
402 1614 512 1680 surdos
535 1633 705 1697 eaeeosque
727 1615 912 1696 reddiderat,
936 1615 1030 1680 adeo
1053 1615 1166 1680 asserit
1188 1614 1382 1695 obcaecatos,

241 1738 281 1783 ne
300 1719 380 1785 forte
400 1737 550 1785 oonuerso
570 1720 610 1784 ad
630 1721 723 1784 deum
742 1721 833 1785 eorde
855 1724 1016 1785 sanentur.
1040 1720 1145 1803 itaque
1165 1723 1199 1784 ut
1218 1718 1381 1803 paululum

241 1822 431 1905 differamus,
455 1825 536 1907 quod
559 1824 739 1889 Matthaeus
763 1826 898 1906 apertius
924 1826 1063 1891 elocutus
1090 1828 1149 1904 est,
1177 1824 1262 1887 iuxta
1284 1823 1381 1905 ipsius

241 1929 394 1993 sermonis
421 1928 570 2013 rigorem,
598 1930 652 2010 qui
678 1948 714 1994 ex
741 1929 845 1994 uerbis
871 1930 1043 2013 prophetae
1070 1929 1224 1993 austerius
1247 1928 1383 2011 pereut't

190 2058 214 2099 1⁵
240 2034 372 2117 legentis
397 2033 553 2114 auditum,
577 2034 672 2098 altius
694 2034 900 2117 requiramus²
928 2052 1023 2116 quare
1046 2034 1104 2099 hoe
1128 2034 1194 2099 loeo
1219 2033 1300 2098 nolle
1323 2052 1380 2114 pu·

240 2141 323 2201 tetur
340 2137 494 2218 dominus,
515 2141 551 2201 ut
566 2142 725 2220 sanentur,
745 2139 777 2202 id
797 2142 856 2219 est,
876 2158 916 2203 ne
937 2143 1158 2205 momentonea
1178 2139 1380 2203 oonuersione

240 2245 387 2325 suseepta
409 2242 541 2308 eonlatis
563 2241 723 2307 benefieiis
747 2241 926 2324 abutantur,
954 2243 1001 2307 ira
1023 2262 1095 2307 eum
1117 2242 1240 2327 probati
1263 2242 1380 2307 iruerint

239 2349 385 2430 suscepta
420 2347 593 2431 neglexisse
629 2364 664 2411 ao
698 2348 856 2431 respuisse
891 2348 1027 2412 recidiua
1061 2346 1240 2412 infirmitate
1281 2347 1379 2410 medi-

238 2452 351 2531 sinam,
375 2451 456 2515 siout
477 2451 540 2533 ille,
564 2451 603 2515 ad
626 2470 720 2533 quern
742 2452 808 2535 ipse
832 2451 975 2517 dominus
998 2451 1148 2535 loquitur:
1171 2452 1242 2517 ianr
1266 2468 1377 2516 sanus

185 2582 212 2621 ro
238 2556 365 2620 laetus
394 2574 446 2637 es,
474 2556 551 2620 noli
577 2573 746 2638 peecare,
774 2576 818 2620 ne
845 2556 1009 2621 deterius
1036 2556 1108 2621 tibi
1134 2555 1274 2638 aliquid
1297 2573 1378 2620 eon·

237 2660 369 2743 tingat.

279 2763 420 2828 Aduerte
443 2763 583 2829 bonitate
610 2765 751 2829 sanitatis
779 2764 911 2848 impium
933 2766 1141 2849 praegrauari
1189 2765 1233 2829 sio
1256 2764 1376 2830 Pharao

235 2868 405 2933 insultasse
427 2868 666 2952 deprehenditur
688 2870 916 2935 misericordiae
939 2870 1001 2951 dei,
1029 2889 1122 2953 quern
1146 2870 1287 2935 addictus
1310 2870 1377 2953 plo-

236 2990 348 3055 garum
370 2972 604 3057 resipiscentem
629 2978 661 3038 et
683 2979 917 3039 oonuertentem
941 2978 972 3039 et
991 2975 1210 3040 humiliantem
1234 2994 1277 3055 se,
1300 2992 1376 3056 quo·

184 3101 209 3141 a
237 3076 319 3141 tiens
343 3094 454 3141 sanare
476 3079 590 3160 uoluit,
613 3079 728 3143 totiens
751 3078 938 3144 deteriorem
961 3098 1029 3143 esse
1051 3083 1124 3162 post
1145 3080 1375 3144 humanitatem

235 3180 420 3246 elementiae
436 3181 650 3265 deprehendit.
680 3201 786 3265 quare,
802 3184 940 3265 inquam,
957 3184 1034 3248 istos
1051 3202 1161 3247 sanare
1176 3184 1374 3248 dissimulat?

120 3358 124 3369 ‚
235 3303 274 3349 ne
294 3284 373 3350 fiant
391 3286 499 3369 utique
519 3287 603 3352 illius
626 3288 753 3368 similes,
777 3288 839 3370 qui
861 3306 973 3371 supro
994 3291 1144 3370 petrosa
1166 3288 1373 3353 seminatus

236 3392 306 3470 est,
339 3390 371 3453 id
402 3393 463 3471 ost,
498 3391 559 3473 qui
595 3393 637 3457 ad
672 3396 900 3458 momentum
935 3410 1016 3457 eum
1050 3393 1184 3477 gaudio
1217 3393 1374 3476 suseipit

235 3492 403 3575 uerbum,
433 3497 495 3577 qui
518 3496 560 3560 ad
584 3500 731 3581 tempus
754 3496 875 3561 eredit
901 3500 937 3561 et
962 3498 997 3562 in
1026 3500 1190 3581 tempore
1218 3500 1374 3581 tempta·

182 3623 208 3662 so
234 3598 350 3663 tionis
373 3600 523 3664 reoedit.
562 3601 705 3683 quidest
728 3606 982 3667 momentaneam
1005 3602 1162 3683 suseipere
1186 3602 1373 3667 sanitatem?

233 3702 264 3765 id
287 3705 335 3766 est
358 3704 395 3767 ad
415 3708 540 3788 tempus
560 3706 684 3769 eredere
706 3710 737 3771 et
756 3706 789 3771 in
809 3709 948 3790 tempore
968 3707 1182 3790 temptationis
1202 3724 1257 3789 pro
1278 3706 1371 3771 animi

338 3857 366 3928 2]
379 3857 475 3912 Matth.
491 3862 530 3923 13,
543 3862 584 3915 12.
637 3860 665 3929 6]
677 3860 770 3914 Ioann.
784 3864 808 3925 5,
817 3862 859 3916 44.
915 3860 959 3930 19]
975 3860 1105 3925 Ioanne,
1120 3862 1158 3917 14.
1212 3862 1259 3931 27]
1278 3862 1371 3916 hlotth.

235 3945 275 4008 13,
288 3946 336 4009 2ος
355 3944 418 3999 Luc.
437 3948 462 4011 8,
476 3948 516 4001 13.

275 4083 392 4138 torede
411 4084 439 4139 P
506 4084 540 4138 ab
561 4102 697 4155 aeproser.
717 4086 754 4139 Ρί
824 4086 1026 4157 8subpraessis
1044 4088 1072 4142 P
1142 4090 1174 4145 10
1196 4086 1373 4144 deutioresP

234 4173 265 4226 ll
285 4172 482 4239 caecosqueeP
533 4174 566 4227 12
583 4172 731 4252 itaprraeP
783 4176 814 4229 13
828 4175 991 4229 matheusP
1043 4177 1075 4231 11
1088 4175 1128 4228 ira
1139 4178 1247 4245 sertpse',
1265 4176 1373 4230 iramP

233 4258 266 4314 18
287 4262 472 4327 suseeptarno
522 4261 557 4313 22
574 4262 757 4329 mutones-ie
775 4262 895 4315 sanantis
947 4264 982 4317 23
1000 4262 1224 4331 depraehenditur
1243 4264 1270 4317 P
1325 4262 1371 4316 ad·

231 4344 301 4397 ictus
319 4346 347 4399 P
396 4347 431 4400 26
449 4345 640 4415 depraehendit
657 4348 685 4401 P
735 4350 768 4403 27
787 4348 895 4417 utiquee
914 4351 942 4404 P
