3100 4892
595 430 693 486 Liber
710 431 724 484 I
745 433 853 487 11-12,
1252 429 1290 492 41

158 630 240 675 num
263 614 367 676 tunm
390 611 495 675 uelut
517 628 557 673 ex
580 608 809 673 necessitate
833 609 896 689 sit,
928 609 990 672 sed
1021 625 1060 671 ex
1089 608 1292 672 uoluntate.

159 734 263 781 seruos
287 715 384 780 etiam
406 715 490 798 ipsos
513 716 634 794 monet,
663 717 698 777 nt
725 713 857 778 dominis
881 712 946 777 suis
970 732 1005 776 ex
1029 713 1134 777 anima
1157 712 1295 777 seruiant

157 840 234 886 oum
257 820 354 885 bona
376 821 587 901 uoluntate,
612 823 643 882 et
662 819 723 883 alio
739 820 824 883 loco:
849 818 967 882 nolite
990 819 1027 882 in
1050 835 1294 901 personarum

157 928 373 1010 acceptione
402 926 540 990 habere
571 926 685 989 fidem
710 926 849 989 domini
879 925 1000 989 nostri
1026 926 1111 989 Iesu
1140 924 1292 989 Christi.

157 1032 273 1096 nolite
297 1031 492 1095 detrahere
514 1032 551 1095 in
574 1031 815 1112 alterutrum,
839 1034 886 1094 et:
904 1031 1023 1094 nolite
1040 1046 1171 1094 errare.
1204 1029 1293 1093 deus
1329 1058 1346 1097 s

157 1153 226 1199 non
249 1135 443 1200 inridetur.
482 1154 573 1217 qnae
601 1136 697 1199 enim
724 1135 971 1199 seminauerit
997 1134 1119 1215 homo,
1146 1134 1236 1197 haec
1260 1136 1295 1197 et

157 1243 285 1321 metet,
313 1243 361 1305 et:
390 1240 506 1304 nolite
529 1240 688 1325 diligere
711 1240 887 1305 mnndum
909 1258 1026 1322 neque
1057 1257 1113 1320 ea,
1141 1238 1294 1321 quaein

157 1345 290 1410 mundo
313 1349 409 1410 sunt.

198 1449 350 1514 Uidemns
379 1468 452 1533 ergo
479 1454 512 1515 et
536 1451 569 1515 in
598 1449 712 1514 bonam
740 1452 825 1514 etin
849 1451 1036 1513 contrariam
1058 1452 1180 1531 partem
1203 1466 1294 1532 posse

156 1555 312 1618 humanae
335 1555 450 1619 mentis
473 1555 606 1619 transire
630 1573 828 1619 consensum.
868 1558 899 1617 ct
926 1553 994 1617 ideo
1023 1554 1083 1618 alio
1110 1554 1177 1618 loco
1205 1553 1294 1617 dicit:
1325 1579 1348 1619 ιο

156 1658 305 1740 bonum,
322 1659 434 1741 inquit,
451 1660 635 1724 facientes
659 1678 730 1724 non
754 1659 991 1739 deficiamus,
1015 1663 1182 1741 tempore
1199 1656 1296 1721 enirn

158 1782 219 1829 suc
243 1769 425 1829 metemus
453 1782 523 1828 non
552 1765 785 1829 deficientes.
825 1782 1018 1847 operemur
1046 1780 1132 1847 ergo
1159 1762 1294 1827 bonnm

159 1869 199 1933 ad
221 1887 362 1949 omnes,
386 1868 542 1933 maxime
566 1872 687 1933 autem
712 1869 755 1932 ad
777 1868 1003 1933 domesticos
1026 1867 1126 1932 fidei.
1162 1867 1294 1946 nolite,

159 1974 267 2055 inquit,
291 1974 451 2057 diligere
474 1974 667 2037 mundum:
695 1974 756 2037 nisi
780 1973 948 2038 sibonum
972 1974 1012 2037 ad
1034 1972 1163 2037 meliora
1186 1975 1295 2037 contu·

123 2160 126 2163 ,
158 2079 244 2143 lisset
264 2078 423 2159 affectum,
446 2079 520 2143 mali
544 2079 571 2143 ci
595 2097 656 2144 non
680 2079 881 2143 interdiceret
904 2079 1087 2161 appetitum,
1115 2081 1146 2141 et
1173 2077 1241 2141 ideo
1263 2077 1296 2141 in
1325 2103 1348 2143 1

161 2182 317 2247 sinistram
339 2183 468 2248 crimine
491 2201 547 2247 suo
570 2184 712 2264 trahitur,
740 2185 793 2265 qni
821 2202 839 2247 a
866 2184 990 2247 domino
1018 2200 1073 2247 sno
1101 2184 1229 2246 uocatur
1257 2182 1295 2245 ad

161 2288 326 2352 dexteram.
358 2291 389 2352 et
410 2291 575 2372 propterea
594 2289 709 2353 iterum
725 2288 816 2352 dicit:
841 2288 913 2352 noli
935 2288 1035 2352 uinci
1059 2305 1077 2351 a
1100 2288 1209 2367 malo,
1234 2285 1296 2350 sed

160 2394 262 2458 uince
285 2393 323 2457 in
345 2392 439 2458 bono
460 2394 606 2457 malum.
638 2397 743 2477 aperte
764 2394 838 2457 mali
855 2392 1041 2457 necessitate
1057 2410 1119 2456 non
1134 2392 1295 2475 premitur,

160 2498 206 2561 cui
226 2497 359 2562 uictoria
382 2497 418 2561 de
440 2497 514 2562 boni
538 2498 686 2562 electione
709 2498 909 2582 promittitur.
949 2514 1011 2561 non
1035 2497 1118 2560 enim
1146 2496 1178 2560 in
1206 2496 1296 2560 denia

160 2602 207 2667 lex
225 2603 350 2687 originis
370 2604 476 2683 trahit,
500 2622 592 2685 quem
614 2606 720 2667 auctor
739 2603 773 2666 in
795 2601 880 2666 binio
903 2602 1087 2681 conlocauit,
1111 2618 1146 2665 ac
1169 2601 1222 2681 sic,
1246 2601 1296 2665 cui
1322 2625 1348 2665 eo

161 2708 300 2772 uoluntas
322 2707 420 2771 indita
442 2711 498 2788 est,
522 2712 558 2771 ut
572 2709 697 2771 uincere
713 2707 833 2771 malum
849 2707 956 2789 possit,
981 2706 1006 2770 si
1021 2706 1100 2769 forte
1118 2706 1295 2770 aduersario

162 2830 214 2877 suo
235 2812 338 2894 cessit,
362 2812 484 2876 animus
508 2814 535 2877 ei
557 2813 717 2895 pugnandi
740 2812 848 2891 defuit,
878 2815 1008 2875 euentus
1036 2830 1098 2876 non
1121 2810 1295 2874 0101111011-

161 2917 281 2981 tinendi.
320 2917 455 3000 legimus
483 2918 522 2981 ad
544 2916 722 2981 Hebraeos:
751 2916 966 2981 uoluntaria
990 2916 1086 2979 enim
1109 2915 1296 2998 peccanti-

163 3019 225 3085 bus
247 3022 352 3086 nobis
380 3025 464 3104 post
490 3027 679 3102 acceptam
711 3022 884 3085 notitiam
915 3020 1092 3085 ueritatis
1122 3020 1193 3083 iam
1225 3037 1294 3083 non

162 3126 384 3208 relinquitur
405 3145 470 3208 pro
493 3128 656 3209 peccatis
679 3126 812 3190 hostia.
848 3126 1020 3190 secundum
1042 3126 1129 3206 haec,
1154 3125 1179 3189 si
1202 3123 1296 3189 liber·
1323 3148 1348 3189 rs

162 3231 254 3293 tatem
270 3231 389 3295 arbitrii
406 3249 467 3295 non
482 3230 647 3311 habemns,
672 3232 826 3312 quomodo
843 3249 915 3294 cum
931 3231 1092 3295 uoluntate
1107 3231 1296 3313 peccamus?

162 3351 222 3413 qua
241 3352 333 3399 causa
354 3354 426 3399 rens
450 3336 492 3399 sit
513 3333 568 3420 <si>
589 3338 740 3418 requiras,
771 3337 844 3418 qnia
871 3340 941 3419 post
968 3340 1128 3418 acceptam
1153 3334 1295 3398 notitiam

160 3437 296 3503 ueritatis
323 3440 363 3503 ad
386 3440 530 3521 spiritum
554 3436 866 3505 declinauit'erroris
905 3444 989 3522 post
1017 3442 1220 3523 acceptam,
1248 3438 1296 3502 in·

159 3540 238 3622 quit,
257 3544 445 3608 notitiam:
468 3544 615 3627 intellege
640 3563 713 3608 eum
735 3545 892 3626 accepisse
915 3544 1049 3627 gratiam
1073 3545 1104 3606 et
1118 3562 1173 3626 per
1190 3543 1297 3627 negle-

157 3646 293 3728 gentiam
308 3647 492 3731 perdidisse,
514 3648 689 3713 etiterum:
712 3650 865 3713 inritam
881 3649 1024 3713 faciens
1040 3649 1159 3732 legem
1175 3647 1295 3731 Moysi
1322 3672 1349 3713 ao

262 3810 287 3880 3]
299 3811 353 3865 Iac.
366 3813 523 3876 2,1;4,11.
578 3811 752 3881 amator.
808 3811 1007 3881 7111011112,
1023 3814 1061 3868 15.
1110 3810 1153 3880 11]
1167 3810 1225 3866 cal.
1237 3814 1295 3877 6‚9.

163 3894 206 3965 17]
224 3895 294 3952 Rom.
310 3901 350 3964 12,
362 3901 404 3955 21.
459 3899 505 3967 23]
523 3898 604 3952 Hebr.
621 3903 660 3963 10,
673 3902 716 3954 26.
769 3898 816 3969 30]
835 3898 1026 3963 Hebr.10‚28.

203 4045 497 4101 2sernos-uoluntnte
516 4064 602 4102 0111
656 4063 747 4099 seruus
761 4049 801 4101 P¹
856 4050 989 4114 lnequae
1003 4049 1030 4101 P
1084 4045 1295 4117 111110001νο-

161 4132 511 4200 coaptamiananctt.
561 4137 594 4190 12
606 4135 772 4188 metimusP
821 4137 852 4190 13
866 4138 1022 4189 curtemaP
1069 4137 1101 4189 14
1115 4134 1256 4188 contulisse
1270 4136 1297 4189 P

164 4219 195 4274 18
206 4220 347 4287 praemitur
359 4222 387 4275 P
437 4224 469 4277 21
484 4221 636 4275 aduersario
649 4238 696 4275 sno
709 4222 800 4291 cessit]
820 4222 984 4275 aduersarios
997 4226 1074 4275 nocet
1092 4222 1114 4275 si
1132 4240 1148 4277 o
1199 4223 1294 4289 2211-

162 4304 259 4371 gnandi
275 4308 300 4361 P
315 4310 337 4376 (1
354 4310 386 4363 ia
403 4326 456 4364 ras.
471 4310 615 4375 101011.)
667 4310 702 4363 23
719 4308 870 4380 noluntarip
890 4310 918 4362 P
968 4311 1001 4363 27
1025 4310 1047 4362 si
1066 4310 1172 4375 addidi,
1191 4326 1241 4364 cro.
1261 4310 1293 4371 P.

163 4394 381 4465 0111014211·
394 4402 459 4467 post
478 4412 557 4450 causa
575 4397 682 4453 adducat
700 4414 716 4451 o
768 4397 803 4451 29
822 4395 993 4465 neglientiam
1007 4397 1034 4451 P
1085 4398 1119 4452 30
1132 4396 1243 4450 inritum
1256 4396 1293 4452 Ρι
