3100 4892
638 422 883 492 Prolegomeua.
1213 423 1335 478 LXXIII

187 597 331 662 editionis
355 597 470 662 criticis
494 598 668 662 luculenter
692 603 823 682 apparet
845 604 877 664 et
900 599 951 664 hic
973 600 1012 664 ad
1035 600 1203 682 epistulam
1226 599 1258 664 Π
1280 598 1333 681 52,

185 721 266 782 quae
297 704 366 766 tota
395 721 431 765 ex
463 702 595 766 aliarum
627 703 831 784 epistularum
866 705 988 768 laciniis
1022 707 1159 784 constat,
1193 705 1334 788 legentes

185 806 346 870 rettulisse
378 806 502 888 sufficit.
543 825 604 888 qua
635 808 672 871 de
703 826 797 872 causa
827 807 903 871 fides
931 827 993 873 non
1021 808 1167 872 habenda
1192 813 1241 872 est
1267 811 1334 873 eins

185 911 291 974 uerbis
319 928 498 975 sermonem
525 930 618 975 suum
644 913 798 976 rusticum
825 913 957 977 dicentis
985 912 1028 996 (p.
1046 910 1121 994 357,
1138 910 1169 976 2.
1189 911 1264 993 403,
1279 911 1332 978 23.

184 1013 261 1094 426,
278 1013 324 1096 3),
352 1015 449 1078 immo
477 1033 552 1079 uero
576 1016 729 1080 eiusmodi
751 1016 916 1082 affectatae
945 1005 1116 1081 modestiae
1140 1017 1245 1083 uerbis
1269 1037 1334 1081 ser·

186 1119 290 1184 monis
315 1119 467 1202 elegantis
491 1120 616 1184 laudem
640 1119 700 1184 sibi
723 1122 917 1203 quaesiuisse
939 1122 1073 1187 uidetur.

228 1224 392 1306 Epistulae
422 1223 608 1288 Ruricianae
642 1225 673 1288 in
709 1225 820 1290 eodem
853 1225 957 1290 codice
989 1225 1186 1310 Sangallensi
1215 1247 1246 1290 n.
1272 1224 1335 1289 190

185 1341 266 1392 saec.
285 1327 381 1391 VIIII
397 1326 446 1412 (S)
463 1329 639 1410 traduntur,
661 1347 721 1410 quo
738 1330 889 1411 epistulae
906 1329 1024 1410 Fausti,
1045 1330 1117 1394 inde
1140 1349 1160 1394 a
1181 1351 1211 1414 p.
1229 1329 1335 1393 132-

184 1431 247 1494 217
274 1433 384 1496 eodem
408 1433 526 1513 ordine,
554 1451 615 1515 quo
639 1453 691 1498 eas
714 1435 745 1497 in
770 1435 906 1499 editione
930 1435 1129 1519 digessimus,
1157 1453 1220 1500 non
1246 1435 1335 1501 chro-

185 1537 339 1620 nologico.
379 1537 571 1620 praecedunt
599 1539 735 1620 quinque
760 1539 912 1620 epistulae
935 1540 1043 1603 Fausti
1070 1541 1109 1603 sd
1131 1539 1293 1604 Ruricium
1317 1559 1336 1604 a

185 1640 276 1706 nobis
300 1661 330 1722 p.
348 1638 519 1704 208-219
542 1643 713 1706 recensitae
731 1642 774 1724 (p.
792 1641 947 1727 tta-83),
970 1643 1164 1726 aliorumque
1181 1645 1334 1727 epistulae

185 1746 225 1809 ad
260 1745 422 1809 Ruricium
456 1747 546 1810 datae
580 1745 665 1828 (uide
697 1747 779 1811 infra
812 1768 842 1830 p.
866 1746 1064 1832 raa-450),
1098 1752 1192 1830 atque
1225 1747 1335 1813 Graeci

185 1849 314 1930 quidem
337 1867 366 1930 p.
384 1847 436 1929 84,
453 1849 602 1914 Uictorini
625 1870 654 1933 p.
673 1849 812 1931 85—86,
836 1852 996 1916 Taurentii
1019 1872 1048 1935 p.
1066 1849 1206 1932 86-89,
1229 1850 1335 1917 Sedati

185 1954 266 2018 duae
289 1973 318 2037 p.
337 1951 476 2034 89-91,
507 1955 643 2019 Eufrasii
666 1975 695 2037 p.
714 1953 843 2017 91-92
874 1961 905 2020 et
934 1961 1006 2038 post
1033 1957 1110 2020 duas
1135 1956 1242 2020 Fausti
1271 1957 1335 2039 epi-

185 2057 287 2121 stulas
304 2056 391 2139 (uide
407 2076 501 2141 supra
517 2078 546 2141 p.
563 2059 695 2142 XLVII)
719 2060 854 2142 epistula
869 2059 1006 2124 Caesarii
1028 2081 1057 2143 p.
1077 2058 1256 2142 126-128,
1281 2061 1335 2127 Se·

185 2162 251 2224 dati
278 2181 308 2244 p.
329 2159 508 2225 128-130.
547 2164 601 2226 sed
630 2167 769 2227 extrema
796 2165 851 2228 illa
878 2165 1013 2247 epistula
1039 2165 1143 2229 uerbis
1173 2185 1256 2248 qaae
1286 2163 1334 2227 ‹li-

184 2287 288 2328 cerem
310 2287 349 2328 ae
372 2265 499 2329 omniuo
523 2266 676 2350 (ciinfra
696 2288 726 2349 p.
744 2266 893 2353 451111)
916 2268 1041 2349 desinit,
1065 2287 1144 2352 quae
1160 2273 1335 2351 sequuntur

185 2371 220 2434 in
244 2371 275 2451 S,
300 2388 492 2453 quamquam
514 2372 644 2437 lacunae
668 2373 839 2456 uestigium
862 2391 924 2437 non
941 2376 1081 2456 apparet,
1105 2372 1223 2457 quipus
1238 2373 1335 2436 etiam

179 2474 268 2560 pari
291 2474 523 2537 contrarietate
539 2523 648 2538 .....
665 2474 806 2561 capillos
836 2475 913 2539 uale
937 2476 1056 2542 Sidonii
1084 2478 1235 2559 epistulae
1259 2478 1290 2542 Π
1316 2478 1332 2539 l

183 2581 230 2660 (p.
252 2577 304 2658 21,
321 2577 439 2660 5-22,
456 2579 474 2641 l
488 2580 538 2664 L.)
569 2580 666 2644 rrerba
696 2584 780 2645 sunt.
825 2580 932 2662 itaque
962 2582 995 2646 in
1025 2581 1193 2664 archetypo
1224 2583 1334 2646 folium

183 2702 285 2746 unum
309 2685 506 2764 deperditum
529 2684 635 2765 inisse,
658 2685 689 2748 in
714 2704 774 2767 quo
797 2689 937 2749 extrema
960 2687 1111 2768 epistulae
1134 2685 1239 2751 Sodali
1261 2705 1334 2769 pars

182 2791 217 2852 et
232 2789 358 2852 initium
375 2789 528 2871 epistulae
545 2783 729 2853 Sidonianae
746 2790 900 2870 exstabat,
924 2795 1062 2873 apparet,
1087 2809 1160 2854 cum
1176 2809 1212 2854 ex
1234 2791 1333 2854 indice

181 2895 323 2972 uetusto,
352 2892 460 2974 quiin
484 2893 588 2957 codice
611 2897 716 2958 nostro
739 2914 768 2976 p.
787 2893 808 2955 2
831 2898 933 2958 exstat
956 2894 1009 2976 (cf.
1026 2914 1121 2978 supra
1142 2915 1173 2978 p.
1189 2895 1332 2979 XLVII),

181 3000 383 3079 compertum
407 2997 579 3061 habeamus
596 2997 701 3062 Sedati
718 2999 885 3080 epistulam
900 3017 1012 3063 reuera
1034 3000 1192 3082 excepisse
1216 2999 1334 3081 aliquot

182 3101 304 3166 Sidonii
321 3101 471 3184 epistulas
489 3119 572 3164 nunc
594 3102 626 3166 in
651 3102 754 3166 codice
777 3120 841 3166 non
864 3103 1000 3185 amplius
1024 3107 1193 3184 exstantes,
1218 3104 1334 3169 scilicet

181 3207 222 3270 ad
256 3205 487 3286 Constantium,
518 3205 695 3286 Eucerium,
727 3206 911 3271 Tetradium
943 3207 1091 3289 aliosque.
1138 3208 1221 3271 inter
1255 3227 1333 3290 quas

180 3310 269 3392 quod
298 3327 361 3374 non
391 3311 555 3373 nominata
585 3314 634 3374 est
664 3311 799 3392 epistula
827 3311 883 3374 illa
905 3311 938 3374 II
963 3311 991 3391 1,
1022 3311 1133 3376 lolium
1161 3316 1333 3376 extremam

179 3415 293 3480 Sedati
324 3417 356 3478 et
385 3415 522 3497 priorem
550 3414 737 3479 sidoniense
769 3415 923 3497 epistulae
945 3418 1068 3498 partam
1095 3415 1245 3480 exhibens
1271 3417 1334 3480 iarn

178 3519 384 3601 deperditum
396 3521 462 3583 erat
475 3537 510 3582 eo
523 3522 674 3600 ternpore,
690 3537 750 3600 quo
766 3519 858 3583 index
873 3520 926 3584 ille
942 3523 1088 3584 uetustus
1104 3522 1262 3584 coniectus
1275 3526 1333 3584 est.

228 3622 1334 3690 CodaxParisinusbibliothecaenationelislatinus

179 3749 214 3793 11.
235 3724 341 3789 11318
372 3727 432 3790 hcc
463 3727 553 3791 modo
581 3727 751 3811 inscriptus
784 3732 847 3792 cst:
878 3725 992 3790 Arricii
1014 3727 1151 3790 Ruricii
1173 3725 1335 3813 Aquitani

177 3830 422 3895 Learouiceusis
438 3829 597 3916 Episcopi
617 3853 656 3894 ac
679 3830 895 3916 quorumdam
916 3832 1071 3894 uirorum
1087 3830 1274 3896 illustrium
1290 3832 1336 3894 acl

177 3938 295 4022 ipsum
325 3933 495 4019 Epistulae
526 3956 631 3998 omues
659 3957 740 4021 puae
771 3945 909 4012 exstuat,
941 3958 980 3999 ecc
1001 3935 1197 4000 membranis
1220 3959 1333 4000 maau-

176 4039 319 4124 scm'ptis
348 4037 556 4104 Celeberrimi
579 4039 777 4103 Mouasterii
802 4038 950 4104 1111111·
977 4040 1072 4127 apud
1093 4039 1263 4105 Heluetios
1291 4040 1332 4105 ab

178 4143 329 4208 Heumco
350 4141 483 4206 Cauisio
506 4143 532 4206 I.
553 4141 586 4208 C.
604 4143 682 4207 olim
705 4143 820 4222 editae,
844 4166 931 4208 uuuc
948 4146 1098 4230 primum
1120 4145 1226 4208 multa
1249 4167 1334 4208 cura

177 4246 384 4326 emendatae,
412 4247 449 4310 iu
476 4247 699 4333 compluribus
724 4248 803 4312 locis
827 4248 1008 4327 restitutae,
1035 4249 1183 4334 uotisque
1209 4249 1334 4312 criticis

176 4362 212 4419 et
236 4351 406 4415 historicis
422 4350 624 4431 illustratae,
648 4352 684 4415 iu
703 4351 821 4416 Gallia
837 4362 867 4416 et
882 4373 1027 4417 seorsum
1037 4353 1206 4440 prodeunt
1220 4354 1331 4419 studio
