3100 4892
253 446 295 509 96
659 448 681 501 I.
700 448 745 501 De
762 449 873 516 gratia
891 448 920 503 II
940 452 979 505 la

254 627 325 687 tura
354 624 392 687 de
422 624 569 688 creatoris
601 643 692 708 opere
723 625 892 708 disputare.
937 626 1096 710 potentiae
1125 626 1230 708 itaque
1253 622 1331 707 11111,
1361 630 1394 690 ut

253 728 451 792 inmortalem
475 749 511 793 en
527 730 622 793 nihilo
636 729 797 794 hominem
812 730 968 811 conderet,
992 732 1174 814 sapientiae,
1198 734 1233 795 ut
1248 748 1394 813 capacem

252 833 381 896 rationis
416 832 562 913 efficeret,
595 832 755 913 bonitatis
791 838 826 898 ut
856 835 896 898 ad
925 834 1153 899 beatitudinem
1182 838 1394 918 praepararet,

145 990 147 996 .
252 938 402 1018 iust'tiae,
425 941 545 1002 utnon
567 940 641 1002 ante
664 939 793 1022 eligeret
816 956 910 1021 quam
934 938 1088 1022 probaret.

215 1067 228 1106 s
297 1041 357 1107 Sed
386 1044 467 1106 inter
497 1043 574 1106 haec
605 1043 717 1124 aliquis
748 1043 888 1126 persist't
919 1047 950 1107 et
972 1044 1060 1107 dicit:
1091 1044 1117 1107 si
1139 1046 1264 1107 constat
1285 1061 1394 1127 peeca-

251 1149 333 1210 tores
363 1147 395 1209 in
425 1147 479 1210 illo
510 1147 633 1211 saeculo
657 1147 818 1230 suppliciis
842 1147 1029 1212 addicendos
1053 1152 1085 1211 et
1108 1148 1243 1212 aeternis
1266 1148 1393 1231 ignibus

252 1250 486 1331 mancipandos,
511 1252 554 1314 sio
576 1250 643 1315 fieri
665 1251 758 1315 horno
782 1251 899 1333 debuit,
923 1255 959 1315 ut
981 1252 1008 1315 is
1032 1252 1157 1316 omnino
1179 1269 1309 1335 peccare
1331 1270 1392 1316 non

251 1354 358 1437 possit.
404 1354 480 1436 quid
503 1356 686 1442 praecurris,
717 1355 862 1436 ohoruo,
894 1356 1028 1421 auctoris
1051 1356 1096 1420 tui
1123 1355 1392 1439 dispensationes?

252 1459 325 1540 quid
348 1460 471 1540 quaeris
491 1478 558 1523 rem
575 1460 808 1524 inmortalitatis
823 1461 855 1523 in
872 1461 996 1544 regione
1013 1461 1144 1525 mortis?
1179 1460 1253 1542 quid
1269 1460 1392 1541 quaeris

202 1587 226 1626 ιο
251 1563 284 1625 in
315 1562 437 1643 militia,
468 1564 550 1645 quod
579 1567 705 1647 paratur
734 1565 767 1628 in
798 1564 917 1648 gloria?
964 1564 1038 1646 quid
1061 1567 1133 1628 ante
1157 1564 1323 1628 emeritum
1345 1564 1393 1627 la·

251 1667 358 1731 horem
388 1669 500 1750 pesele,
531 1686 610 1750 quae
640 1672 826 1751 praeparata
855 1671 930 1732 sunt
958 1674 1030 1750 post
1058 1667 1219 1733 laborem?
1269 1667 1393 1732 dabitur

252 1771 320 1851 hoc,
343 1771 397 1834 sed
420 1772 484 1835 iam
501 1772 534 1836 in
550 1776 714 1837 aeternum
729 1772 905 1853 iustificate,
930 1772 1109 1855 quandoid,
1134 1772 1214 1854 quod
1230 1773 1392 1837 conlatum

251 1875 355 1955 luerit,
385 1876 486 1958 perire
513 1894 575 1941 non
597 1877 706 1959 possit.
752 1877 876 1941 dabitur
898 1877 966 1957 hoc,
998 1876 1052 1940 sed
1075 1877 1107 1940 in
1129 1880 1269 1960 tempore
1291 1875 1393 1969 beati·

251 1979 377 2059 tudinis,
407 1980 461 2044 ubi
490 1981 554 2044 iam
583 1985 748 2063 peceatum
777 2000 836 2046 nec
859 1982 984 2046 uincere
1007 1982 1048 2046 sit
1072 1999 1199 2045 necesse
1221 1998 1279 2045 nec
1302 1982 1393 2062 scire,

201 2109 224 2149 re
251 2084 305 2148 ubi
335 2085 373 2147 ad
405 2085 598 2167 peccandum
628 2104 690 2149 non
720 2088 882 2167 uoluntas,
916 2104 979 2150 non
1009 2086 1201 2169 possibilitas
1232 2085 1304 2164 erit,
1338 2084 1394 2149 nbi

251 2193 369 2269 sancte,
400 2190 530 2273 integre,
561 2190 610 2273 pie
641 2190 748 2254 uiuere
771 2208 833 2255 non
858 2191 917 2255 erit
939 2190 1111 2273 diligentia,
1141 2206 1204 2253 non
1227 2189 1393 2269 industria,

251 2294 305 2357 sed
336 2296 450 2358 natura
479 2294 679 2376 dispensante
707 2296 755 2359 ita
785 2295 889 2359 diuina
911 2294 1122 2359 misericordia
1145 2298 1238 2376 atque
1260 2294 1392 2375 iustitia,

250 2401 286 2461 ut
308 2399 360 2481 qui
382 2398 433 2462 hic
455 2398 610 2463 studuerit
631 2400 802 2484 integritati
824 2400 911 2463 nulla
932 2400 996 2463 illic
1017 2400 1100 2463 ultra
1121 2399 1222 2482 possit
1236 2397 1309 2462 labe
1325 2417 1393 2463 cor·

249 2504 361 2586 rumpi.
419 2504 550 2587 dignum
581 2504 665 2568 enim
696 2523 764 2568 esse
794 2504 957 2584 indicabit,
992 2508 1027 2569 ut
1056 2504 1150 2569 homo
1179 2520 1308 2587 peecare
1340 2504 1393 2585 qui

198 2634 224 2673 11
251 2608 351 2671 noluit
378 2607 523 2672 infirmus
553 2627 615 2673 non
641 2609 742 2692 possit
763 2612 919 2689 aeternus,
950 2609 1004 2672 sed
1028 2610 1063 2672 ut
1086 2606 1263 2672 labentibus
1287 2608 1321 2671 111
1345 2608 1394 2671 in-

251 2730 397 2776 mensum
429 2713 560 2776 saeculis
591 2713 658 2777 sine
685 2716 772 2777 metu
795 2713 955 2797 gaudium,
986 2712 1054 2777 sine
1076 2712 1181 2776 inuido
1204 2712 1393 2795 praemium,

250 2817 316 2880 sine
338 2817 428 2881 hoste
451 2817 493 2881 sit
514 2836 657 2901 regnum.

295 3077 432 3146 lilaqnae
445 3077 473 3132 P
523 3034 742 3132 2nihilho⁰minem
756 3077 784 3132 P
834 3080 990 3147 8possetu
1043 3080 1075 3133 10
1093 3076 1192 3131 milicia
1204 3076 1238 3146 P,
1257 3077 1393 3133 malitiae

249 3167 357 3233 paretur
382 3182 399 3219 u
452 3166 485 3219 14
512 3166 559 3218 inec
587 3181 691 3218 neccsse
719 3166 746 3218 P
797 3180 845 3217 noc
872 3164 949 3233 scire]
974 3164 1075 3217 nescire
1098 3164 1125 3217 P
1176 3166 1208 3218 l‘l
1236 3162 1342 3232 adquae
1366 3167 1395 3220 P

250 3255 283 3307 18
301 3250 365 3304 illuc
383 3252 411 3305 P
463 3254 495 3307 19
514 3251 677 3306 iudicauito
728 3254 762 3306 22
782 3251 903 3319 regnum]
923 3250 1030 3320 explicit
1047 3251 1112 3305 add.
1131 3252 1159 3304 P
1202 3254 1204 3257 ’
