3100 4892
639 464 736 519 Liber
753 464 783 519 Π
800 468 825 521 9.
1259 466 1298 529 81

163 638 381 722 subsequatur.
419 641 451 704 in
478 640 679 723 persuasione
706 635 997 722 praedestinationis
1020 641 1109 705 laeile
1133 640 1301 705 declinabi-

162 748 214 807 tur
235 762 320 809 error
343 744 504 825 accedens,
536 746 563 808 si
593 744 804 828 interrogetur
826 762 919 809 eausa
945 744 1143 828 praecedens.
1182 746 1301 826 inqui-

161 847 333 912 rentibus
357 865 442 931 ergo
466 867 503 912 se
525 852 786 913 remunerator
809 849 867 913 fit:
899 868 971 912 cum
994 866 1109 933 magno
1133 848 1221 913 deest
1243 849 1300 913 eri-

161 953 247 1017 mine
270 970 333 1017 non
355 953 528 1035 quaerenti,
551 953 604 1035 qui
627 952 714 1017 dedit
735 954 818 1017 uude
841 954 941 1035 possit
963 954 1087 1036 inquiri.

203 1055 337 1137 Qualem
366 1062 577 1140 quantamque
605 1058 700 1121 homo
730 1076 749 1121 a
778 1058 834 1122 deo
864 1058 967 1142 legem
997 1058 1098 1141 prima
1124 1058 1299 1123 conditione
1327 1083 1339 1122 e

162 1163 342 1246 susceperit,
372 1162 511 1245 perlecta
542 1162 636 1226 etiarn
659 1162 726 1226 Noe
755 1163 877 1227 iustitia
904 1163 1082 1243 declarabit,
1113 1164 1185 1245 quia
1208 1182 1301 1247 gene-

160 1267 239 1330 ralia
260 1265 332 1330 fidei
355 1266 436 1331 dona
458 1267 586 1349 speciali
609 1268 642 1331 in
665 1286 699 1331 se
719 1267 822 1330 studio
838 1266 990 1331 uirtutum
1007 1270 1142 1331 sectator
1157 1268 1299 1331 excoluit.

161 1372 249 1434 cuius
280 1374 419 1453 tempore
450 1389 523 1435 eum
552 1372 741 1454 corrupisset
763 1372 864 1435 omnis
888 1389 958 1436 earo
981 1372 1066 1435 uiam
1092 1390 1180 1435 suam
1209 1390 1301 1455 super

160 1478 288 1554 terram,
311 1474 470 1539 damnatio
494 1480 601 1539 secuta
623 1493 686 1539 non
709 1480 802 1555 esset,
826 1476 886 1539 nisi
908 1476 1131 1558 praeuaricatio
1154 1494 1191 1539 er
1219 1474 1301 1540 arbi·

161 1579 221 1642 trio
244 1579 381 1643 hominis
403 1579 634 1662 praecessisset.
673 1580 753 1643 siout
783 1598 856 1663 ergo
883 1579 975 1663 eulpa
997 1596 1130 1663 poenam
1154 1584 1300 1659 meretur,
1329 1605 1353 1643 ro

159 1684 204 1747 itu
225 1684 353 1766 culpam
374 1700 475 1766 poena
497 1686 642 1764 testatur,
665 1702 746 1765 quae
767 1701 823 1767 pro
847 1684 1003 1766 aequitate
1027 1683 1230 1749 moderatoris
1253 1684 1300 1747 in-

161 1787 270 1852 sertur.
309 1787 384 1851 dum
414 1791 520 1852 autem
551 1788 625 1851 dicit
655 1805 756 1852 sermo
789 1788 927 1853 diuinus:
959 1788 1078 1852 omnis
1109 1806 1193 1853 caro
1225 1806 1301 1853 eor·

159 1895 315 1975 ruperat
335 1892 435 1955 uiam
458 1910 576 1973 suam,
599 1893 778 1974 iniquitates
798 1892 881 1957 illius
901 1892 1049 1975 temporis
1070 1911 1132 1957 non
1148 1894 1300 1975 inpositae

161 1995 347 2076 definitioni,
382 1995 437 2059 sed
470 1996 664 2061 uoluntariae
698 1997 823 2080 inputat
855 1998 1012 2081 prauitati.
1058 1997 1160 2080 legem
1195 1998 1300 2079 itaque

159 2100 284 2164 litterae
314 2100 432 2181 absque
461 2098 554 2164 dubio
585 2101 728 2165 caelestis
751 2102 942 2184 dispensatio
969 2118 1032 2165 non
1062 2100 1208 2181 dedisset,
1240 2100 1299 2164 nisi
1328 2124 1352 2163 e

160 2204 265 2288 legem
288 2207 419 2268 naturae
449 2204 681 2286 interpellasset
703 2223 802 2288 usque
834 2205 872 2269 ad
902 2206 981 2269 iram
1012 2204 1121 2268 diluuii
1152 2205 1301 2288 perducta

159 2308 378 2392 transgressio.
417 2308 547 2390 ideoque
562 2309 640 2373 haee
654 2310 704 2373 leu
719 2309 833 2391 Moysi,
856 2326 935 2391 quae
951 2310 1053 2392 prima
1069 2310 1213 2389 creditur,
1236 2310 1299 2373 iam

160 2412 299 2476 secunda
320 2415 379 2476 est.

203 2515 292 2600 Opus
315 2517 420 2599 itaque
443 2519 594 2583 naturalis
616 2519 694 2603 legis
717 2521 750 2582 in
774 2518 918 2583 cordibus
934 2519 1098 2583 hominum
1114 2518 1211 2583 luisse
1227 2535 1300 2582 eon-

160 2622 314 2704 soriptum
337 2622 432 2686 etiam
454 2622 655 2688 beatissimus
671 2623 811 2707 pontifex
826 2623 1022 2707 Augustinus
1040 2623 1218 2687 doctissimo
1235 2643 1299 2687 ser·
1326 2648 1351 2685 ee

160 2742 254 2790 mone
270 2726 469 2809 prosequitur
484 2728 531 2791 ita
545 2727 665 2792 dicens:
688 2731 886 2811 utrumque
902 2728 1015 2792 simul
1029 2728 1148 2792 currit
1167 2728 1205 2791 in
1227 2728 1299 2791 isto

159 2830 269 2894 alueo
292 2834 403 2913 atque
431 2834 599 2896 torrente
622 2832 773 2916 generis
796 2833 962 2913 humani,
990 2832 1141 2913 malum,
1165 2832 1259 2913 quod
1282 2850 1301 2894 a

159 2938 314 3018 parente
337 2934 516 3017 trahitur,
541 2935 748 3017 othonum,
772 2938 868 3018 quod
892 2954 911 3001 a
933 2939 1085 3001 creante
1108 2934 1297 3001 tribuitur.

157 3039 236 3102 item
251 3039 368 3103 nullius
392 3040 507 3122 quippe
529 3041 642 3104 uitium
663 3042 708 3104 ita
731 3045 840 3105 contra
863 3044 1008 3105 naturam
1032 3044 1089 3121 est,
1112 3044 1148 3105 ut
1170 3044 1300 3104 naturae

158 3143 263 3207 deleat
282 3144 375 3208 etiam
392 3148 531 3209 extrema
546 3146 689 3229 uestigia.
729 3164 803 3210 nam
818 3146 891 3209 hine
908 3148 965 3226 est,
988 3146 1070 3228 quod
1094 3146 1188 3209 etiam
1212 3146 1298 3228 impii
1325 3170 1351 3209 es

159 3249 299 3331 cogitant
322 3251 448 3313 aeterna
469 3266 506 3313 ac
528 3249 737 3332 praedicanda
759 3250 854 3313 etiam
874 3250 905 3313 in
921 3250 1077 3332 praesenti
1093 3250 1217 3314 saeculo
1232 3249 1300 3313 iura

158 3352 356 3417 constituunt
374 3356 406 3417 ct
419 3354 520 3418 multa
535 3358 618 3418 reete
634 3354 866 3436 reprehendunt
880 3358 1024 3436 recteque
1038 3353 1167 3418 laudant
1189 3354 1222 3418 in
1244 3354 1299 3417 ho-

159 3456 282 3521 minum
305 3457 454 3521 moribus.
492 3458 604 3540 quibus
628 3476 665 3522 ea
687 3460 814 3523 tandem
838 3459 953 3541 regulis
976 3458 1114 3521 iudicant
1132 3459 1192 3522 nisi
1208 3460 1299 3521 natu-

159 3560 290 3643 ralibus,
304 3562 338 3625 in
350 3560 463 3644 quibus
475 3563 595 3643 uident,
610 3581 705 3645 quem
721 3562 760 3627 ad
776 3563 902 3629 modum
917 3562 1047 3645 quisque
1058 3563 1164 3625 uiuere
1177 3560 1298 3641 debeat,
1317 3593 1320 3605 ·

159 3666 254 3729 etiam
285 3666 311 3729 si
341 3684 399 3731 nee
421 3667 481 3750 ipsi
503 3666 612 3731 eodem
635 3668 725 3733 modo
747 3668 878 3731 uiuant?
916 3668 997 3749 quod
1020 3672 1051 3731 et
1074 3667 1232 3751 apostolus
1261 3664 1299 3729 ad
1325 3692 1352 3731 eo

263 3830 309 3899 12]
328 3829 393 3887 Gen
413 3833 492 3896 6,12.

205 3978 525 4049 lpreedirtinationieP
575 3979 732 4035 2aceidenr
745 3980 773 4035 P
823 3983 921 4049 3ergo
939 3997 1018 4037 ome
1071 3980 1137 4035 sito
1189 3977 1298 4047 magno]

160 4081 214 4119 nou
232 4067 332 4124 addo
384 4067 514 4135 tquiao
567 4066 649 4136 unde]
669 4082 722 4120 non
738 4068 838 4123 addo
891 4067 1131 4135 5quanffiquaeP
1182 4065 1298 4119 bsusei-

158 4154 230 4221 perit
247 4155 276 4209 P
354 4156 421 4209 aee
438 4171 574 4225 aaopruocr.
594 4155 630 4209 P¹
714 4158 744 4211 11
769 4154 848 4223 culpa
865 4171 1011 4224 poenamo
1094 4154 1126 4207 14
1149 4153 1253 4221 itaquae
1273 4153 1301 4205 P

162 4244 194 4295 15
216 4240 330 4310 absquae
349 4242 378 4296 P
459 4244 490 4298 17
513 4240 639 4310 ideoquae
657 4242 685 4295 P
768 4244 800 4297 19
823 4242 928 4309 itaquae
947 4242 975 4295 P
1054 4242 1088 4295 20
1116 4240 1254 4307 atgrrstinus
1272 4240 1300 4292 P

161 4330 195 4383 21
213 4331 372 4397 utrumquae
391 4328 418 4382 P
480 4328 514 4383 22
532 4327 634 4396 adquae
652 4329 680 4382 P
741 4331 775 4383 25
798 4329 848 4397 est]
868 4332 928 4383 eto
991 4330 1023 4382 27
1043 4326 1255 4397 repraehendent
1272 4328 1300 4381 P

162 4419 299 4483 reetequae
318 4416 345 4469 P
396 4417 430 4470 29
449 4415 685 4483 quemammodum
704 4417 732 4469 P
783 4416 909 4484 quisquae
928 4416 955 4470 P
1010 4418 1044 4470 30
1062 4418 1089 4467 et
1105 4432 1240 4485 meream
1261 4414 1298 4466 P¹

212 4512 266 4553 m
280 4512 353 4553 Pam.
1127 4506 1142 4553 6
