3100 4892
212 422 275 474 XVI
657 421 900 490 Prolegomena.

211 599 283 663 libri
310 599 384 663 noni
410 616 492 663 nona
519 598 558 661 ad
585 598 735 665 Faustum
764 600 837 662 data
862 601 1018 682 leguntur.
1063 599 1233 663 Riochatus
1263 599 1347 663 enirn

212 704 344 767 antistes
377 702 538 767 uolumina
571 703 723 784 quaedam
757 703 866 767 Fausti
898 703 938 766 ad
970 703 1138 767 Britannos
1171 687 1348 786 perlaturus

211 807 362 872 Aruernis
385 809 523 871 moratus
552 827 631 887 asse,
659 805 756 870 doroec
782 806 924 893 pertatem
946 807 1182 870 concitatarum
1199 806 1348 892 procelle

212 909 412 996 defremeret,
439 911 620 994 perhibetur
642 909 685 994 (p.
706 909 777 990 157,
797 910 837 975 10
851 910 911 995 L).
957 913 1118 976 uolumina
1144 913 1200 976 illa
1225 912 1348 976 intelle·

211 1018 313 1100 gimus
340 1015 436 1080 libros
463 1016 501 1078 de
529 1015 629 1098 gratia
652 1033 724 1079 curn
747 1015 880 1081 Beronio
904 1016 1046 1098 aliisque,
1073 1017 1112 1080 cf.
1136 1035 1215 1099 quae
1243 1016 1348 1100 dispu-

162 1165 164 1170 -
210 1123 346 1185 tauimus
362 1121 394 1185 in
410 1121 614 1203 Ilphemeride
630 1121 866 1203 gymnasiorum
878 1121 1112 1185 Austriacorum
1131 1118 1214 1184 1890
1228 1141 1258 1204 p.
1272 1118 1346 1184 292.

211 1227 344 1309 epistula
371 1229 477 1289 autem
505 1227 571 1308 ipsa
599 1225 715 1308 scripta
742 1244 810 1288 esse
838 1225 961 1289 uidetur
987 1226 1081 1308 paulo
1107 1230 1181 1290 ante
1204 1226 1347 1290 exsilium

212 1329 327 1394 Sidonii
342 1329 383 1413 (a.
401 1327 475 1410 475,
492 1330 531 1394 cf.
548 1329 739 1394 Momrnseni
754 1330 905 1412 praelatio
920 1349 951 1412 p.
967 1329 1190 1414 XXXXVIII),
1210 1331 1346 1413 primurn

211 1434 291 1518 qued
319 1433 462 1500 Sidonius
491 1435 586 1498 etlam
614 1438 682 1498 tunr
709 1433 860 1498 Aruernis
891 1439 967 1515 erat,
998 1435 1110 1499 deinde
1141 1436 1221 1517 qnod
1251 1435 1348 1499 uerba

198 1541 249 1604 ,de
273 1539 413 1622 gentium
437 1539 661 1603 concitatarum
685 1539 822 1622 procella
844 1540 1004 1604 insinuant
1025 1541 1075 1624 agi
1095 1540 1133 1604 de
1156 1539 1346 1622 temporibus

211 1644 294 1708 haud
316 1645 360 1708 ita
383 1644 518 1708 multum
541 1643 580 1710 ab
603 1643 764 1708 Aruernae
787 1643 874 1708 urbis
898 1646 1125 1728 expugnatione
1148 1643 1345 1709 distantibus.

314 1749 465 1812 Doctrina
480 1748 587 1812 Fausti
608 1748 645 1812 de
666 1749 767 1832 gratia
788 1752 819 1812 et
838 1748 935 1813 libero
951 1748 1078 1813 arbItrio
1099 1767 1118 1812 a
1136 1747 1346 1832 compluribus

210 1855 395 1936 impugnata
418 1856 475 1932 est,
504 1870 695 1934 quamquam
718 1871 780 1917 non
808 1843 981 1933 doluerunt,
1009 1853 1062 1934 qni
1090 1852 1268 1917 defensores
1295 1853 1346 1917 uel

211 1959 315 2040 potius
337 1961 532 2022 excusatores
554 1959 618 2021 eius
640 1957 835 2038 exsisterent,
857 1959 938 2022 inter
957 1976 1034 2039 quos
1053 1959 1225 2040 principem
1243 1958 1346 2022 locum

212 2063 333 2127 obtinet
355 2061 546 2146 Stiltingius,
577 2081 670 2144 quem
702 2061 987 2127 elucubrationibus
1018 2063 1082 2126 suis
1112 2062 1188 2126 mihi
1218 2079 1345 2145 persua-

210 2169 289 2232 sisse
316 2167 425 2231 fateor.
465 2171 557 2249 atque
585 2168 687 2231 locum
715 2168 805 2231 illurn
832 2167 865 2230 in
892 2168 1015 2231 decreto
1044 2165 1161 2231 Gelasii
1191 2167 1216 2231 Ι.
1246 2185 1345 2250 papae

209 2291 236 2335 a.
265 2270 343 2334 496:
379 2268 536 2354 opusculo
571 2269 690 2332 Fausti
723 2269 891 2356 Regiensis
928 2267 1119 2334 Galliarum
1143 2253 1346 2356 'apocrypha

210 2369 341 2460 (Migne,
369 2376 562 2440 Patrol.lat.
587 2373 806 2458 LVIIH164)
834 2376 1056 2458 interpolatum
1083 2395 1152 2440 csse
1180 2379 1212 2440 et
1238 2379 1347 2458 postea

210 2481 337 2544 demum
365 2479 504 2543 additum
533 2480 605 2542 inde
633 2480 796 2561 euincitur,
824 2481 915 2562 quod,
943 2481 997 2561 qni
1025 2481 1132 2562 paucis
1160 2479 1250 2544 annis
1277 2482 1347 2562 post

210 2585 317 2648 Fausti
349 2584 520 2648 doctrinam
554 2584 819 2667 impugnarerunt
853 2585 991 2666 episcopi
1020 2587 1052 2648 et
1080 2601 1189 2668 papae,
1223 2584 1347 2648 silentio

209 2689 464 2772 praetermittunt
486 2688 654 2752 anathema
676 2688 763 2770 illud,
787 2690 813 2752 si
837 2689 883 2752 dis
906 2690 1018 2772 placet,
1040 2689 1226 2772 pontificale.

253 2793 328 2858 Orta
356 2795 439 2857 enim
470 2793 551 2856 inter
582 2793 749 2856 monachos
781 2793 939 2876 Scythicos
971 2811 1051 2858 anno
1081 2794 1145 2857 fere
1175 2788 1241 2855 520
1267 2792 1347 2858 (ion-

209 2897 411 2978 stantinopoli
430 2897 623 2960 dissensione
644 2898 682 2960 de
698 2897 807 2961 Fausti
826 2897 864 2961 de
883 2898 985 2980 gratia
1004 2898 1166 2962 sententiis
1182 2898 1347 2961 Possessor

210 3002 372 3085 episcopus
395 3001 563 3065 Africanus
587 3001 857 3085 Constantinopoli
884 3002 1001 3086 degens
1029 3000 1152 3065 abillis
1176 3002 1346 3081 consultus,
1458 3037 1465 3046 ·

208 3125 280 3170 cum
304 3107 369 3170 eius
393 3123 577 3189 responsum
595 3105 702 3169 Fausti
726 3105 900 3170 doctrinam
923 3125 1023 3188 neque
1046 3106 1223 3170 damnantis
1246 3125 1347 3188 neque

209 3209 440 3294 comprobantis
471 3228 533 3274 non
565 3211 780 3291 satisfecisset,
811 3211 932 3274 litteras
963 3210 1048 3275 dedit
1078 3211 1116 3274 ad
1143 3211 1346 3275 Hormisdam

208 3333 322 3398 papam
339 3318 370 3378 et
387 3315 461 3396 quid
475 3315 541 3397 ipso
559 3315 699 3394 sentiret,
723 3318 758 3378 ut
774 3316 918 3398 aperiret,
942 3315 1065 3398 rogauit
1079 3313 1217 3396 (exstant
1232 3315 1347 3378 utrius-

210 3439 269 3502 que
292 3420 415 3484 litterae
438 3419 520 3502 apud
543 3418 662 3502 Iligne,
685 3419 802 3484 Patrol.
819 3420 874 3483 lat.
891 3418 996 3482 LXIII
1018 3416 1083 3481 489
1099 3420 1191 3502 sqq.).
1230 3418 1346 3494 sedne

145 3527 157 3551 ·
208 3543 289 3606 papa
315 3524 441 3605 quidem
469 3523 621 3586 Faustum
649 3524 821 3603 damnauit,
851 3541 946 3604 quare
974 3523 1006 3586 in
1032 3541 1162 3606 grauem
1189 3523 1348 3605 uitupera-

208 3630 324 3693 tionem
353 3627 483 3692 incurrit
510 3626 634 3692 loannis
663 3627 824 3707 Maxentii,
856 3627 942 3690 ducis
971 3627 1194 3703 monachorum
1213 3627 1346 3692 ‘illorum

208 3731 433 3814 Scythicorum,
457 3731 509 3813 qui
533 3732 733 3814 responsione
756 3732 795 3794 ad
819 3731 986 3814 epistulam
1005 3731 1192 3795 Hormisdae
1214 3729 1347 3814 (Migne,

207 3837 290 3901 Patr.
307 3855 419 3920 graeca
441 3835 612 3916 LXXXVI,
631 3835 645 3896 l
672 3855 701 3916 p.
719 3834 774 3918 92)
798 3836 831 3899 in
853 3854 967 3919 papam
976 3836 1001 3919 ¹)
1023 3835 1192 3915 tnuehitur,
1216 3835 1297 3916 quod
1319 3836 1346 3898 is

209 3942 317 4006 Fausti
347 3939 454 4021 libros
485 3939 628 4022 quamuis
658 3959 720 4004 non
752 3941 784 4004 in
816 3940 1001 4005 auctoritate
1030 3939 1205 4020 habendos,
1239 3943 1346 4003 tamen

206 4047 354 4130 legendos
382 4045 580 4108 decreuisset.
620 4043 713 4109 simul
742 4045 897 4110 dotrinam
922 4044 1030 4108 Fausti
1057 4044 1247 4108 haereticam
1276 4063 1346 4108 esse

250 4287 270 4356 ¹)
293 4285 443 4356 Epistulam
466 4301 519 4338 non
541 4301 596 4338 esse
614 4285 771 4340 Hormisdae
794 4303 877 4355 papae
900 4302 947 4354 per
970 4284 1165 4354 impudentiam
1188 4285 1266 4339 linxit
1288 4284 1345 4338 ora-

207 4375 319 4435 xantius,
338 4389 389 4441 quo
407 4371 517 4426 liberius
535 4387 618 4440 papae
637 4372 718 4426 uerba
737 4374 894 4442 impugnare
912 4375 1010 4441 posset.
