3100 4892
613 403 677 458 1111.
696 405 805 458 Sermo
823 407 847 460 2.
1151 421 1156 428 ¹
1234 409 1295 474 231

164 581 235 646 ries
263 579 404 660 filium,
432 598 493 644 non
516 579 683 644 cuiuslibet
709 581 813 645 meriti
835 581 1005 664 hominem,
1033 583 1087 647 sod
1109 585 1205 649 totius
1229 604 1299 650 sae·

165 686 222 750 culi
244 685 443 749 saluatorem.
475 703 524 765 ne,
547 685 657 766 inquit,
681 685 805 765 timeas,
828 685 915 751 abice
931 705 950 750 a
965 691 996 752 te
1018 705 1145 753 omnem
1167 694 1299 771 metum,

165 808 241 874 quae
261 791 376 854 saeculi
398 794 585 873 conceptura
608 809 640 854 es
656 791 815 874 gaudium.
850 793 986 872 reuolue,
1009 793 1118 873 Maria,
1141 795 1300 878 propheti·

165 915 232 960 cam
261 895 437 960 lectionem.
477 913 577 977 nequo
607 897 691 959 onim
719 899 751 959 tc
782 897 911 960 scientia
941 896 1115 962 diuinorum
1147 899 1298 964 librorum

164 1003 267 1086 potest
288 1000 467 1084 praeterire,
491 1019 569 1082 quae
590 999 690 1082 ipsam
713 1001 940 1082 plenitudinem
962 1005 1090 1084 partura
1112 1021 1145 1065 es
1167 1004 1300 1086 prophe·
1324 1033 1338 1072 s

166 1111 277 1171 tarum.
323 1105 423 1170 recole
449 1105 482 1168 in
509 1102 587 1168 libro
611 1104 720 1168 lissiae
747 1105 916 1188 prophetae
943 1106 1107 1189 uirginem,
1134 1123 1228 1189 quam
1255 1108 1299 1174 le-

164 1212 247 1296 gisti,
271 1213 303 1274 ot
324 1209 435 1294 gaude,
458 1209 531 1292 quia
554 1213 587 1272 tu
615 1229 658 1288 es,
686 1229 754 1272 esse
778 1210 930 1273 meruisti.
975 1214 1010 1273 tu
1033 1209 1076 1274 ibi
1102 1213 1301 1296 praesignata

166 1335 198 1380 es
221 1316 318 1400 uirgo.
357 1317 391 1378 tu
416 1333 485 1380 ecce
509 1313 663 1396 concipies
685 1315 717 1378 in
740 1318 827 1378 utero
851 1314 974 1378 nonde
998 1314 1074 1396 uiro,
1098 1316 1153 1379 sed
1176 1316 1213 1380 de
1237 1318 1300 1399 spi-

166 1423 226 1487 ritu
249 1425 356 1486 sancto
385 1423 416 1484 et
437 1419 566 1504 grauida
596 1419 656 1482 eris
684 1422 715 1482 et
741 1419 987 1483 incontaminata
1016 1418 1168 1500 manebis,
1198 1421 1300 1504 paries

166 1527 264 1592 filium
288 1529 319 1590 et
341 1525 531 1608 uirginitatis
554 1542 616 1589 non
638 1523 765 1608 patioris
789 1523 1020 1587 detrimentum.
1056 1529 1089 1588 at
1110 1525 1163 1588 illa
1186 1525 1299 1606 inquit:
1328 1554 1353 1594 ro

167 1651 249 1696 ecce
272 1631 411 1695 ancilla
434 1629 573 1693 domini
596 1647 688 1708 sum,
715 1628 786 1692 liat
808 1627 899 1691 mihi
922 1628 1125 1692 secundum
1148 1629 1301 1694 uerbum

168 1741 278 1800 tuum.
317 1752 387 1798 mox
410 1734 502 1818 igitur
525 1733 654 1816 angelus
678 1732 810 1815 uirginis
833 1735 958 1813 accepto
981 1749 1135 1797 consensu
1157 1733 1301 1797 caelestis

166 1839 300 1923 regionis
326 1839 444 1903 incolas
466 1839 613 1920 repetiuit
640 1840 671 1901 et
698 1855 767 1900 ecce
792 1837 894 1900 subito
918 1838 1072 1900 secretum
1100 1837 1229 1920 uirginis
1254 1837 1303 1901 in·

168 1943 298 2008 effabilis
320 1943 459 2026 potentia
473 1943 658 2027 penetrauit.
688 1943 784 2006 intrat
801 1941 910 2006 artifex
927 1941 1035 2005 mundi
1051 1943 1211 2024 angustias
1227 1961 1303 2006 uen-

168 2051 221 2114 tris
245 2049 382 2129 humani,
411 2047 542 2112 efficitur
569 2047 697 2130 grauida
720 2051 821 2110 mater
847 2047 966 2110 intacta
994 2049 1025 2110 et
1048 2063 1118 2109 ecce
1142 2051 1302 2128 tamquam
1330 2075 1354 2114 rs

168 2173 300 2240 sponsus
332 2155 369 2218 de
399 2153 537 2218 thalamo
568 2170 623 2216 suo
654 2151 773 2216 Mariae
802 2151 943 2215 Christus
974 2150 1113 2233 procedit
1139 2170 1175 2214 en
1205 2155 1303 2215 utero.

168 2261 339 2326 occultatur
359 2260 391 2323 in
408 2257 557 2322 membris
573 2257 701 2322 infantis
721 2257 863 2340 potentia
882 2256 1066 2336 maiestatis
1090 2255 1166 2318 deus
1190 2256 1305 2338 pendet

169 2367 206 2430 ad
229 2365 337 2444 ubera,
359 2380 534 2446 pannorum
557 2363 668 2426 uilium
689 2362 831 2442 squalore
851 2360 1035 2443 contegitur,
1059 2359 1216 2424 durissimi
1240 2361 1305 2424 sui·

169 2472 229 2535 fert
249 2471 407 2554 praesepis
431 2467 591 2552 angustias
620 2471 651 2530 et
674 2471 774 2530 toturn
798 2465 972 2528 misericors
995 2465 1155 2528 humiliter
1177 2464 1304 2547 patitur,

170 2574 335 2640 dnmmodo
359 2574 505 2652 mundus,
528 2572 582 2654 qui
605 2573 748 2655 perierat,
772 2570 965 2634 liberaretur.
1329 2597 1356 2645 ,2⁰

212 2679 347 2746 Obeata
369 2679 511 2758 infantia,
533 2695 588 2761 per
611 2695 706 2758 quam
730 2675 829 2739 nostri
851 2674 973 2757 generis
997 2675 1062 2737 uita
1082 2678 1130 2737 est
1152 2677 1305 2757 reparata,

170 2805 187 2851 o
201 2785 373 2869 gratissimi
396 2781 655 2862 delectabilesque
676 2781 812 2864 uagitus,
834 2798 890 2861 per
905 2797 983 2860 quos
1000 2778 1146 2842 stridores
1163 2777 1305 2842 dentium

169 2897 375 2975 paternosqne
398 2890 535 2972 ploratus
559 2886 728 2965 onesimus,
756 2903 772 2948 ο
795 2884 903 2948 felices
925 2882 1031 2966 panni,
1059 2883 1171 2964 quibus
1197 2899 1306 2966 pecca·

171 3002 273 3061 torum
301 2995 406 3060 sordes
430 2992 625 3072 extersimus,
653 3009 671 3054 o
693 3007 843 3072 praesepe
870 2987 1078 3071 splendidum,
1105 2988 1137 3050 in
1161 3005 1220 3068 quo
1243 3004 1306 3051 non

171 3103 263 3166 iacuit
289 3101 416 3165 foenum
441 3097 638 3176 animalium,
667 3095 721 3158 sed
748 3093 836 3158 cibus
862 3093 1011 3157 inuentus
1039 3096 1087 3155 ost
1113 3091 1305 3175 angelorum.
1333 3117 1359 3158 rs

171 3209 261 3287 lacta,
284 3205 395 3282 Maria,
418 3205 590 3266 creatorem
607 3205 706 3279 tuum,
729 3200 812 3263 lacta
827 3215 941 3282 panem
957 3197 1044 3277 caeli,
1067 3197 1150 3260 lacta
1172 3197 1306 3278 pretium

172 3311 288 3390 mundi,
315 3308 429 3393 praebe
452 3305 603 3371 lambenti
630 3303 848 3382 mammillam,
876 3305 911 3366 ut
936 3306 1046 3385 prote
1072 3301 1138 3382 ipse
1160 3299 1308 3382 praebeat

171 3414 404 3498 percutientise
427 3412 595 3491 maxillam,
619 3409 774 3474 nutriatur
789 3408 892 3472 infans
915 3411 1039 3470 tuorum
1062 3405 1194 3468 uberum
1216 3405 1307 3484 lacte,

173 3525 207 3586 ut
229 3521 350 3585 iuuenis
374 3518 504 3602 accipiat
526 3516 606 3581 aceti
628 3513 822 3598 potationem
843 3529 899 3596 pro
922 3516 962 3575 te.
1002 3510 1107 3574 ferant
1129 3528 1201 3572 eum
1224 3527 1308 3573 nunc

276 3740 304 3810 6]
323 3738 356 3794 cf.
370 3737 439 3792 Esai.
454 3739 477 3800 7,
492 3739 531 3792 14.
587 3735 631 3804 ll]
650 3733 712 3788 Luc.
728 3735 751 3797 l,
764 3735 806 3789 38.

216 3941 345 4011 2inquid
365 3943 393 3996 D
453 3938 540 3993 abiece
560 3938 588 3992 D
645 3938 730 4003 3que
748 3935 778 3988 D
835 3937 919 4000 sque
939 3932 968 3986 D
1026 3929 1149 3998 desaige
1167 3929 1197 3982 D
1248 3941 1310 3995 pro-

175 4034 254 4104 phete
274 4033 304 4086 D
355 4033 427 4084 lon
445 4044 472 4081 es
491 4027 632 4082 delendum
649 4041 709 4079 cum
721 4023 816 4092 Aac?
867 4019 1036 4087 praesignata
1054 4033 1081 4070 es
1099 4018 1180 4085 Aac,
1197 4015 1257 4084 pter
1275 4012 1310 4065 si·

176 4126 267 4189 gnates
286 4121 316 4174 D
368 4117 619 4184 9incontampnata
638 4115 667 4168 D
721 4114 753 4166 10
771 4109 917 4163 acrimonte
936 4107 965 4161 D
1017 4101 1112 4173 inquid
1130 4105 1160 4158 D
1218 4103 1250 4156 13
1268 4100 1309 4153 in-

177 4207 245 4262 colas
267 4208 374 4276 scripsi,
398 4203 484 4258 incola
502 4204 538 4271 D,
562 4201 662 4254 accolas
685 4201 755 4268 Aug.
821 4199 853 4252 14
871 4193 1022 4264 penetrauit
1039 4193 1120 4260 Aug,
1138 4186 1263 4257 repetiuit
1282 4186 1311 4240 D

177 4296 318 4366 angentias
336 4297 365 4349 D
428 4289 625 4360 inperitior)
689 4290 720 4342 18
744 4283 861 4338 scualore
880 4283 909 4337 D
971 4283 1005 4336 22
1031 4275 1194 4332 dilectabilcs
1212 4289 1262 4343 qne
1282 4273 1311 4327 D

177 4387 209 4440 23
226 4385 344 4456 ploratus
363 4385 391 4438 D
453 4379 599 4454 euassimus
622 4379 651 4434 D
717 4379 750 4431 24
779 4369 920 4442 spelndidd
944 4371 973 4426 D
1039 4369 1072 4424 26
1096 4368 1258 4418 cracatorcm
1282 4359 1312 4415 D
