<?xml version="1.0" encoding="UTF-8"?>
<!DOCTYPE html PUBLIC "-//W3C//DTD XHTML 1.0 Transitional//EN"
    "http://www.w3.org/TR/xhtml1/DTD/xhtml1-transitional.dtd">
<html xmlns="http://www.w3.org/1999/xhtml" xml:lang="en" lang="en">
 <head>
  <title>
</title>
<meta http-equiv="Content-Type" content="text/html;charset=utf-8" />
  <meta name='ocr-system' content='tesseract 3.04.00' />
  <meta name='ocr-capabilities' content='ocr_page ocr_carea ocr_par ocr_line ocrx_word'/>
</head>
<body>
  <div class='ocr_page' id='page_1' title='image "./corpusscriptoru19wiengoog_0377.png"; bbox 0 0 3100 4892; ppageno 0'>
   <div class='ocr_carea' id='block_1_1' title="bbox 611 418 1304 486">
    <p class='ocr_par' dir='ltr' id='par_1_1' title="bbox 611 418 1304 486">
     <span class='ocr_line' id='line_1_1' title="bbox 611 418 1304 486; baseline 0.003 -12"><span class='ocrx_word' id='word_1_1' title='bbox 611 418 676 474; x_wconf 93' lang='grc' dir='ltr'>ΙΙΙΙ.</span> <span class='ocrx_word' id='word_1_2' title='bbox 696 419 807 474; x_wconf 86' lang='lat' dir='ltr'>Sermo</span> <span class='ocrx_word' id='word_1_3' title='bbox 826 420 865 476; x_wconf 82' lang='lat' dir='ltr'>l&#39;l.</span> <span class='ocrx_word' id='word_1_4' title='bbox 1243 420 1304 486; x_wconf 79' lang='grc'>291</span> 
     </span>
    </p>
   </div>
   <div class='ocr_carea' id='block_1_2' title="bbox 170 595 1371 3606">
    <p class='ocr_par' dir='ltr' id='par_1_2' title="bbox 170 595 1308 784">
     <span class='ocr_line' id='line_1_2' title="bbox 170 595 1308 690; baseline 0.003 -30"><span class='ocrx_word' id='word_1_5' title='bbox 170 601 297 680; x_wconf 91' lang='lat' dir='ltr'>ceptum</span> <span class='ocrx_word' id='word_1_6' title='bbox 323 595 439 662; x_wconf 93' lang='lat' dir='ltr'>domiui</span> <span class='ocrx_word' id='word_1_7' title='bbox 463 601 641 660; x_wconf 84' lang='lat' dir='ltr'>sanctorum</span> <span class='ocrx_word' id='word_1_8' title='bbox 664 597 758 678; x_wconf 87' lang='lat' dir='ltr'>pedes</span> <span class='ocrx_word' id='word_1_9' title='bbox 782 596 920 677; x_wconf 80' lang='lat' dir='ltr'>abluere,</span> <span class='ocrx_word' id='word_1_10' title='bbox 944 615 1006 660; x_wconf 91' lang='lat' dir='ltr'>non</span> <span class='ocrx_word' id='word_1_11' title='bbox 1028 597 1128 690; x_wconf 88' lang='lat' dir='ltr'>uideo,</span> <span class='ocrx_word' id='word_1_12' title='bbox 1155 599 1308 679; x_wconf 93' lang='lat' dir='ltr'>quomodo</span> 
     </span>
     <span class='ocr_line' id='line_1_3' title="bbox 170 700 964 784; baseline 0 -20"><span class='ocrx_word' id='word_1_13' title='bbox 170 702 229 764; x_wconf 89' lang='lat' dir='ltr'>hoc</span> <span class='ocrx_word' id='word_1_14' title='bbox 252 701 412 765; x_wconf 78' lang='lat' dir='ltr'>nesciente</span> <span class='ocrx_word' id='word_1_15' title='bbox 436 701 562 765; x_wconf 88' lang='lat' dir='ltr'>sinistra</span> <span class='ocrx_word' id='word_1_16' title='bbox 585 720 681 764; x_wconf 92' lang='lat' dir='ltr'>manu</span> <span class='ocrx_word' id='word_1_17' title='bbox 704 700 803 784; x_wconf 88' lang='lat' dir='ltr'>possit</span> <span class='ocrx_word' id='word_1_18' title='bbox 826 701 964 784; x_wconf 90' lang='lat' dir='ltr'>implere.</span> 
     </span>
    </p>

    <p class='ocr_par' dir='ltr' id='par_1_3' title="bbox 171 805 1371 3390">
     <span class='ocr_line' id='line_1_4' title="bbox 214 805 1308 888; baseline 0.001 -19"><span class='ocrx_word' id='word_1_19' title='bbox 214 805 265 869; x_wconf 87' lang='lat' dir='ltr'>Ad</span> <span class='ocrx_word' id='word_1_20' title='bbox 295 807 353 870; x_wconf 90' lang='lat' dir='ltr'>hoc</span> <span class='ocrx_word' id='word_1_21' title='bbox 380 806 516 888; x_wconf 76' lang='lat' dir='ltr'>pertinet</span> <span class='ocrx_word' id='word_1_22' title='bbox 547 806 641 870; x_wconf 88' lang='lat' dir='ltr'>etiam</span> <span class='ocrx_word' id='word_1_23' title='bbox 673 806 760 886; x_wconf 92' lang='lat' dir='ltr'>illud,</span> <span class='ocrx_word' id='word_1_24' title='bbox 791 806 872 887; x_wconf 93' lang='lat' dir='ltr'>quod</span> <span class='ocrx_word' id='word_1_25' title='bbox 899 806 975 870; x_wconf 85' lang='lat' dir='ltr'>dixit</span> <span class='ocrx_word' id='word_1_26' title='bbox 1001 806 1159 871; x_wconf 90' lang='lat' dir='ltr'>domiuus:</span> <span class='ocrx_word' id='word_1_27' title='bbox 1190 809 1308 872; x_wconf 89' lang='lat' dir='ltr'>nolite</span> 
     </span>
     <span class='ocr_line' id='line_1_5' title="bbox 171 910 1309 994; baseline 0.002 -20"><span class='ocrx_word' id='word_1_28' title='bbox 171 911 207 974; x_wconf 92' lang='lat' dir='ltr'>in</span> <span class='ocrx_word' id='word_1_29' title='bbox 232 910 381 993; x_wconf 85' lang='lat' dir='ltr'>angulis</span> <span class='ocrx_word' id='word_1_30' title='bbox 409 910 619 994; x_wconf 86' lang='lat' dir='ltr'>platearum</span> <span class='ocrx_word' id='word_1_31' title='bbox 643 929 762 989; x_wconf 87' lang='lat' dir='ltr'>oraro,</span> <span class='ocrx_word' id='word_1_32' title='bbox 792 910 854 972; x_wconf 91' lang='lat' dir='ltr'>sed</span> <span class='ocrx_word' id='word_1_33' title='bbox 878 911 991 990; x_wconf 90' lang='lat' dir='ltr'>intra,</span> <span class='ocrx_word' id='word_1_34' title='bbox 1015 911 1125 993; x_wconf 89' lang='lat' dir='ltr'>inquit,</span> <span class='ocrx_word' id='word_1_35' title='bbox 1148 912 1185 975; x_wconf 92' lang='lat' dir='ltr'>iu</span> <span class='ocrx_word' id='word_1_36' title='bbox 1208 912 1309 976; x_wconf 90' lang='lat' dir='ltr'>cubi·</span> 
     </span>
     <span class='ocr_line' id='line_1_6' title="bbox 172 1014 1359 1096; baseline 0.002 -18"><span class='ocrx_word' id='word_1_37' title='bbox 172 1015 295 1078; x_wconf 89' lang='lat' dir='ltr'>culum</span> <span class='ocrx_word' id='word_1_38' title='bbox 327 1019 428 1079; x_wconf 88' lang='lat' dir='ltr'>tuum</span> <span class='ocrx_word' id='word_1_39' title='bbox 460 1019 496 1079; x_wconf 89' lang='lat' dir='ltr'>et</span> <span class='ocrx_word' id='word_1_40' title='bbox 522 1016 648 1078; x_wconf 85' lang='lat' dir='ltr'>clauso</span> <span class='ocrx_word' id='word_1_41' title='bbox 678 1014 773 1078; x_wconf 88' lang='lat' dir='ltr'>ostio</span> <span class='ocrx_word' id='word_1_42' title='bbox 801 1033 864 1078; x_wconf 94' lang='lat' dir='ltr'>ora</span> <span class='ocrx_word' id='word_1_43' title='bbox 890 1019 1033 1096; x_wconf 88' lang='lat' dir='ltr'>patrem</span> <span class='ocrx_word' id='word_1_44' title='bbox 1061 1020 1164 1080; x_wconf 91' lang='lat' dir='ltr'>tuum</span> <span class='ocrx_word' id='word_1_45' title='bbox 1191 1017 1227 1080; x_wconf 92' lang='lat' dir='ltr'>iu</span> <span class='ocrx_word' id='word_1_46' title='bbox 1250 1017 1309 1080; x_wconf 91' lang='lat' dir='ltr'>ab·</span> <span class='ocrx_word' id='word_1_47' title='bbox 1346 1043 1359 1081; x_wconf 73' lang='lat' dir='ltr'>s</span> 
     </span>
     <span class='ocr_line' id='line_1_7' title="bbox 173 1118 1310 1203; baseline 0.003 -21"><span class='ocrx_word' id='word_1_48' title='bbox 173 1138 314 1183; x_wconf 90' lang='lat' dir='ltr'>sconso.</span> <span class='ocrx_word' id='word_1_49' title='bbox 362 1138 431 1182; x_wconf 88' lang='lat' dir='ltr'>ecce</span> <span class='ocrx_word' id='word_1_50' title='bbox 462 1123 493 1183; x_wconf 88' lang='lat' dir='ltr'>ot</span> <span class='ocrx_word' id='word_1_51' title='bbox 517 1119 576 1201; x_wconf 84' lang='lat' dir='ltr'>ipsi</span> <span class='ocrx_word' id='word_1_52' title='bbox 600 1118 678 1182; x_wconf 90' lang='lat' dir='ltr'>bene</span> <span class='ocrx_word' id='word_1_53' title='bbox 702 1118 882 1202; x_wconf 85' lang='lat' dir='ltr'>agnoscitis,</span> <span class='ocrx_word' id='word_1_54' title='bbox 912 1121 984 1200; x_wconf 91' lang='lat' dir='ltr'>quia</span> <span class='ocrx_word' id='word_1_55' title='bbox 1014 1139 1071 1184; x_wconf 91' lang='lat' dir='ltr'>nec</span> <span class='ocrx_word' id='word_1_56' title='bbox 1100 1121 1159 1185; x_wconf 92' lang='lat' dir='ltr'>hoc</span> <span class='ocrx_word' id='word_1_57' title='bbox 1186 1141 1310 1203; x_wconf 86' lang='lat' dir='ltr'>semper</span> 
     </span>
     <span class='ocr_line' id='line_1_8' title="bbox 173 1223 1309 1307; baseline 0.003 -20"><span class='ocrx_word' id='word_1_58' title='bbox 173 1223 346 1288; x_wconf 88' lang='lat' dir='ltr'>secundum</span> <span class='ocrx_word' id='word_1_59' title='bbox 370 1224 506 1287; x_wconf 85' lang='lat' dir='ltr'>litteram</span> <span class='ocrx_word' id='word_1_60' title='bbox 529 1225 642 1305; x_wconf 89' lang='lat' dir='ltr'>poterit</span> <span class='ocrx_word' id='word_1_61' title='bbox 669 1223 802 1305; x_wconf 90' lang='lat' dir='ltr'>impleri.</span> <span class='ocrx_word' id='word_1_62' title='bbox 848 1242 921 1288; x_wconf 92' lang='lat' dir='ltr'>nam</span> <span class='ocrx_word' id='word_1_63' title='bbox 950 1229 981 1288; x_wconf 86' lang='lat' dir='ltr'>et</span> <span class='ocrx_word' id='word_1_64' title='bbox 1007 1243 1063 1289; x_wconf 91' lang='lat' dir='ltr'>uos</span> <span class='ocrx_word' id='word_1_65' title='bbox 1090 1226 1147 1307; x_wconf 91' lang='lat' dir='ltr'>ipsi</span> <span class='ocrx_word' id='word_1_66' title='bbox 1172 1230 1203 1289; x_wconf 90' lang='lat' dir='ltr'>et</span> <span class='ocrx_word' id='word_1_67' title='bbox 1225 1230 1309 1291; x_wconf 88' lang='lat' dir='ltr'>totus</span> 
     </span>
     <span class='ocr_line' id='line_1_9' title="bbox 172 1327 1310 1410; baseline 0.002 -18"><span class='ocrx_word' id='word_1_68' title='bbox 172 1329 306 1410; x_wconf 89' lang='lat' dir='ltr'>populus</span> <span class='ocrx_word' id='word_1_69' title='bbox 330 1346 390 1392; x_wconf 93' lang='lat' dir='ltr'>non</span> <span class='ocrx_word' id='word_1_70' title='bbox 417 1328 518 1392; x_wconf 88' lang='lat' dir='ltr'>solum</span> <span class='ocrx_word' id='word_1_71' title='bbox 541 1327 573 1391; x_wconf 94' lang='lat' dir='ltr'>in</span> <span class='ocrx_word' id='word_1_72' title='bbox 597 1327 748 1392; x_wconf 75' lang='lat' dir='ltr'>cubiculis</span> <span class='ocrx_word' id='word_1_73' title='bbox 772 1327 887 1392; x_wconf 90' lang='lat' dir='ltr'>nostris</span> <span class='ocrx_word' id='word_1_74' title='bbox 911 1347 1047 1409; x_wconf 88' lang='lat' dir='ltr'>oramus,</span> <span class='ocrx_word' id='word_1_75' title='bbox 1075 1330 1129 1393; x_wconf 90' lang='lat' dir='ltr'>sed</span> <span class='ocrx_word' id='word_1_76' title='bbox 1152 1331 1310 1394; x_wconf 86' lang='lat' dir='ltr'>etiamad</span> 
     </span>
     <span class='ocr_line' id='line_1_10' title="bbox 173 1432 1311 1517; baseline 0.003 -21"><span class='ocrx_word' id='word_1_77' title='bbox 173 1433 337 1496; x_wconf 87' lang='lat' dir='ltr'>ecclesiam</span> <span class='ocrx_word' id='word_1_78' title='bbox 361 1433 564 1496; x_wconf 89' lang='lat' dir='ltr'>conuenimus</span> <span class='ocrx_word' id='word_1_79' title='bbox 586 1436 616 1496; x_wconf 89' lang='lat' dir='ltr'>et</span> <span class='ocrx_word' id='word_1_80' title='bbox 640 1432 732 1496; x_wconf 87' lang='lat' dir='ltr'>simul</span> <span class='ocrx_word' id='word_1_81' title='bbox 755 1432 929 1497; x_wconf 92' lang='lat' dir='ltr'>cumomni</span> <span class='ocrx_word' id='word_1_82' title='bbox 952 1434 1065 1516; x_wconf 96' lang='lat' dir='ltr'>populo</span> <span class='ocrx_word' id='word_1_83' title='bbox 1087 1453 1192 1517; x_wconf 85' lang='lat' dir='ltr'>genua</span> <span class='ocrx_word' id='word_1_84' title='bbox 1213 1435 1311 1499; x_wconf 88' lang='lat' dir='ltr'>flecti·</span> 
     </span>
     <span class='ocr_line' id='line_1_11' title="bbox 174 1536 1371 1620; baseline 0.002 -20"><span class='ocrx_word' id='word_1_85' title='bbox 174 1555 254 1600; x_wconf 89' lang='lat' dir='ltr'>mus.</span> <span class='ocrx_word' id='word_1_86' title='bbox 303 1540 334 1600; x_wconf 92' lang='lat' dir='ltr'>et</span> <span class='ocrx_word' id='word_1_87' title='bbox 361 1536 515 1617; x_wconf 91' lang='lat' dir='ltr'>numquid</span> <span class='ocrx_word' id='word_1_88' title='bbox 541 1536 618 1600; x_wconf 87' lang='lat' dir='ltr'>haec</span> <span class='ocrx_word' id='word_1_89' title='bbox 646 1536 796 1600; x_wconf 87' lang='lat' dir='ltr'>facientes</span> <span class='ocrx_word' id='word_1_90' title='bbox 824 1539 998 1620; x_wconf 82' lang='lat' dir='ltr'>praeceptis</span> <span class='ocrx_word' id='word_1_91' title='bbox 1026 1537 1140 1602; x_wconf 78' lang='lat' dir='ltr'>Christi</span> <span class='ocrx_word' id='word_1_92' title='bbox 1167 1539 1312 1603; x_wconf 88' lang='lat' dir='ltr'>contrarii</span> <span class='ocrx_word' id='word_1_93' title='bbox 1339 1552 1371 1604; x_wconf 78' lang='grc' dir='ltr'>ιο·</span> 
     </span>
     <span class='ocr_line' id='line_1_12' title="bbox 173 1640 1312 1721; baseline 0.003 -17"><span class='ocrx_word' id='word_1_94' title='bbox 173 1658 294 1720; x_wconf 89' lang='lat' dir='ltr'>sumus,</span> <span class='ocrx_word' id='word_1_95' title='bbox 318 1641 371 1721; x_wconf 93' lang='lat' dir='ltr'>qui</span> <span class='ocrx_word' id='word_1_96' title='bbox 395 1640 479 1720; x_wconf 82' lang='lat' dir='ltr'>dixit,</span> <span class='ocrx_word' id='word_1_97' title='bbox 504 1643 538 1703; x_wconf 93' lang='lat' dir='ltr'>ut</span> <span class='ocrx_word' id='word_1_98' title='bbox 562 1640 594 1704; x_wconf 93' lang='lat' dir='ltr'>in</span> <span class='ocrx_word' id='word_1_99' title='bbox 617 1640 766 1704; x_wconf 88' lang='lat' dir='ltr'>cubiculis</span> <span class='ocrx_word' id='word_1_100' title='bbox 790 1640 895 1704; x_wconf 90' lang='lat' dir='ltr'>clauso</span> <span class='ocrx_word' id='word_1_101' title='bbox 918 1642 997 1704; x_wconf 89' lang='lat' dir='ltr'>ostio</span> <span class='ocrx_word' id='word_1_102' title='bbox 1018 1661 1105 1706; x_wconf 92' lang='lat' dir='ltr'>orare</span> <span class='ocrx_word' id='word_1_103' title='bbox 1121 1642 1312 1707; x_wconf 78' lang='lat' dir='ltr'>debeamus?</span> 
     </span>
     <span class='ocr_line' id='line_1_13' title="bbox 175 1745 1313 1828; baseline 0.003 -20"><span class='ocrx_word' id='word_1_104' title='bbox 175 1763 236 1808; x_wconf 94' lang='lat' dir='ltr'>non</span> <span class='ocrx_word' id='word_1_105' title='bbox 260 1745 303 1808; x_wconf 86' lang='lat' dir='ltr'>ila</span> <span class='ocrx_word' id='word_1_106' title='bbox 327 1748 384 1807; x_wconf 88' lang='lat' dir='ltr'>est.</span> <span class='ocrx_word' id='word_1_107' title='bbox 430 1745 513 1808; x_wconf 92' lang='lat' dir='ltr'>unde</span> <span class='ocrx_word' id='word_1_108' title='bbox 537 1745 630 1808; x_wconf 89' lang='lat' dir='ltr'>etiam</span> <span class='ocrx_word' id='word_1_109' title='bbox 653 1745 711 1809; x_wconf 87' lang='lat' dir='ltr'>iste</span> <span class='ocrx_word' id='word_1_110' title='bbox 736 1763 848 1808; x_wconf 87' lang='lat' dir='ltr'>sensus</span> <span class='ocrx_word' id='word_1_111' title='bbox 871 1746 1021 1828; x_wconf 86' lang='lat' dir='ltr'>superiori</span> <span class='ocrx_word' id='word_1_112' title='bbox 1044 1747 1217 1811; x_wconf 90' lang='lat' dir='ltr'>sententiae</span> <span class='ocrx_word' id='word_1_113' title='bbox 1240 1765 1313 1812; x_wconf 91' lang='lat' dir='ltr'>con·</span> 
     </span>
     <span class='ocr_line' id='line_1_14' title="bbox 173 1848 1314 1934; baseline 0.004 -23"><span class='ocrx_word' id='word_1_114' title='bbox 173 1849 305 1912; x_wconf 90' lang='lat' dir='ltr'>ueniens</span> <span class='ocrx_word' id='word_1_115' title='bbox 330 1852 386 1912; x_wconf 87' lang='lat' dir='ltr'>est.</span> <span class='ocrx_word' id='word_1_116' title='bbox 433 1848 567 1930; x_wconf 84' lang='lat' dir='ltr'>qualiter</span> <span class='ocrx_word' id='word_1_117' title='bbox 590 1867 663 1932; x_wconf 86' lang='lat' dir='ltr'>ergo</span> <span class='ocrx_word' id='word_1_118' title='bbox 685 1849 743 1912; x_wconf 92' lang='lat' dir='ltr'>hoc</span> <span class='ocrx_word' id='word_1_119' title='bbox 767 1849 908 1932; x_wconf 86' lang='lat' dir='ltr'>intellegi</span> <span class='ocrx_word' id='word_1_120' title='bbox 931 1850 1053 1931; x_wconf 87' lang='lat' dir='ltr'>debeat,</span> <span class='ocrx_word' id='word_1_121' title='bbox 1077 1851 1244 1934; x_wconf 87' lang='lat' dir='ltr'>diligenter</span> <span class='ocrx_word' id='word_1_122' title='bbox 1259 1853 1314 1916; x_wconf 84' lang='lat' dir='ltr'>ad-</span> 
     </span>
     <span class='ocr_line' id='line_1_15' title="bbox 175 1952 1314 2039; baseline 0.003 -22"><span class='ocrx_word' id='word_1_123' title='bbox 175 1952 305 2017; x_wconf 84' lang='lat' dir='ltr'>tendite.</span> <span class='ocrx_word' id='word_1_124' title='bbox 352 1953 378 2015; x_wconf 88' lang='lat' dir='ltr'>si</span> <span class='ocrx_word' id='word_1_125' title='bbox 408 1953 532 2034; x_wconf 91' lang='lat' dir='ltr'>quaudo</span> <span class='ocrx_word' id='word_1_126' title='bbox 563 1970 632 2017; x_wconf 89' lang='lat' dir='ltr'>oras</span> <span class='ocrx_word' id='word_1_127' title='bbox 664 1953 757 2017; x_wconf 93' lang='lat' dir='ltr'>deum</span> <span class='ocrx_word' id='word_1_128' title='bbox 786 1952 842 2037; x_wconf 77' lang='lat' dir='ltr'>(et)</span> <span class='ocrx_word' id='word_1_129' title='bbox 868 1954 927 2018; x_wconf 86' lang='lat' dir='ltr'>hoc</span> <span class='ocrx_word' id='word_1_130' title='bbox 956 1953 996 2018; x_wconf 88' lang='lat' dir='ltr'>ab</span> <span class='ocrx_word' id='word_1_131' title='bbox 1027 1955 1079 2018; x_wconf 93' lang='lat' dir='ltr'>illo</span> <span class='ocrx_word' id='word_1_132' title='bbox 1110 1957 1201 2038; x_wconf 89' lang='lat' dir='ltr'>petis,</span> <span class='ocrx_word' id='word_1_133' title='bbox 1232 1957 1314 2039; x_wconf 94' lang='lat' dir='ltr'>quod</span> 
     </span>
     <span class='ocr_line' id='line_1_16' title="bbox 174 2055 1366 2140; baseline 0.003 -19"><span class='ocrx_word' id='word_1_134' title='bbox 174 2057 309 2137; x_wconf 86' lang='lat' dir='ltr'>uidetur,</span> <span class='ocrx_word' id='word_1_135' title='bbox 333 2055 456 2139; x_wconf 90' lang='lat' dir='ltr'>publice</span> <span class='ocrx_word' id='word_1_136' title='bbox 481 2061 511 2120; x_wconf 88' lang='lat' dir='ltr'>et</span> <span class='ocrx_word' id='word_1_137' title='bbox 534 2061 639 2138; x_wconf 86' lang='lat' dir='ltr'>aperto</span> <span class='ocrx_word' id='word_1_138' title='bbox 663 2059 741 2122; x_wconf 90' lang='lat' dir='ltr'>ostio</span> <span class='ocrx_word' id='word_1_139' title='bbox 765 2075 845 2138; x_wconf 89' lang='lat' dir='ltr'>oras,</span> <span class='ocrx_word' id='word_1_140' title='bbox 869 2059 941 2140; x_wconf 92' lang='lat' dir='ltr'>quia</span> <span class='ocrx_word' id='word_1_141' title='bbox 963 2059 1022 2123; x_wconf 92' lang='lat' dir='ltr'>hoc</span> <span class='ocrx_word' id='word_1_142' title='bbox 1044 2060 1139 2124; x_wconf 85' lang='lat' dir='ltr'>adeo</span> <span class='ocrx_word' id='word_1_143' title='bbox 1161 2060 1210 2124; x_wconf 89' lang='lat' dir='ltr'>uis</span> <span class='ocrx_word' id='word_1_144' title='bbox 1233 2061 1314 2124; x_wconf 88' lang='lat' dir='ltr'>acci·</span> <span class='ocrx_word' id='word_1_145' title='bbox 1342 2087 1366 2125; x_wconf 80' lang='lat' dir='ltr'>n</span> 
     </span>
     <span class='ocr_line' id='line_1_17' title="bbox 176 2161 1316 2246; baseline 0.004 -22"><span class='ocrx_word' id='word_1_146' title='bbox 176 2180 260 2244; x_wconf 89' lang='lat' dir='ltr'>pere,</span> <span class='ocrx_word' id='word_1_147' title='bbox 292 2162 374 2242; x_wconf 91' lang='lat' dir='ltr'>quod</span> <span class='ocrx_word' id='word_1_148' title='bbox 405 2161 537 2224; x_wconf 89' lang='lat' dir='ltr'>uidetur.</span> <span class='ocrx_word' id='word_1_149' title='bbox 592 2161 618 2224; x_wconf 90' lang='lat' dir='ltr'>si</span> <span class='ocrx_word' id='word_1_150' title='bbox 642 2179 715 2225; x_wconf 91' lang='lat' dir='ltr'>uero</span> <span class='ocrx_word' id='word_1_151' title='bbox 746 2181 802 2244; x_wconf 93' lang='lat' dir='ltr'>pro</span> <span class='ocrx_word' id='word_1_152' title='bbox 832 2162 1025 2246; x_wconf 85' lang='lat' dir='ltr'>indulgentia</span> <span class='ocrx_word' id='word_1_153' title='bbox 1055 2168 1253 2246; x_wconf 87' lang='lat' dir='ltr'>peccatorum</span> <span class='ocrx_word' id='word_1_154' title='bbox 1284 2168 1316 2227; x_wconf 91' lang='lat' dir='ltr'>et</span> 
     </span>
     <span class='ocr_line' id='line_1_18' title="bbox 175 2255 1356 2350; baseline 0.004 -22"><span class='ocrx_word' id='word_1_155' title='bbox 175 2283 230 2348; x_wconf 90' lang='lat' dir='ltr'>pro</span> <span class='ocrx_word' id='word_1_156' title='bbox 254 2265 321 2328; x_wconf 88' lang='lat' dir='ltr'>uita</span> <span class='ocrx_word' id='word_1_157' title='bbox 344 2269 471 2329; x_wconf 86' lang='lat' dir='ltr'>aeterna</span> <span class='ocrx_word' id='word_1_158' title='bbox 494 2266 628 2329; x_wconf 89' lang='lat' dir='ltr'>uolueris</span> <span class='ocrx_word' id='word_1_159' title='bbox 653 2266 837 2349; x_wconf 89' lang='lat' dir='ltr'>supplicare,</span> <span class='ocrx_word' id='word_1_160' title='bbox 861 2267 955 2330; x_wconf 88' lang='lat' dir='ltr'>etiam</span> <span class='ocrx_word' id='word_1_161' title='bbox 978 2268 1005 2330; x_wconf 92' lang='lat' dir='ltr'>si</span> <span class='ocrx_word' id='word_1_162' title='bbox 1026 2268 1151 2350; x_wconf 91' lang='lat' dir='ltr'>publice</span> <span class='ocrx_word' id='word_1_163' title='bbox 1167 2270 1314 2349; x_wconf 89' lang='lat' dir='ltr'>oraueris,</span> <span class='ocrx_word' id='word_1_164' title='bbox 1353 2255 1356 2263; x_wconf 67' lang='grc'>’</span> 
     </span>
     <span class='ocr_line' id='line_1_19' title="bbox 175 2370 1315 2456; baseline 0.005 -24"><span class='ocrx_word' id='word_1_165' title='bbox 175 2371 282 2434; x_wconf 88' lang='lat' dir='ltr'>clauso</span> <span class='ocrx_word' id='word_1_166' title='bbox 306 2371 385 2434; x_wconf 90' lang='lat' dir='ltr'>ostio</span> <span class='ocrx_word' id='word_1_167' title='bbox 408 2388 489 2450; x_wconf 80' lang='lat' dir='ltr'>orae,</span> <span class='ocrx_word' id='word_1_168' title='bbox 513 2370 586 2452; x_wconf 89' lang='lat' dir='ltr'>quia</span> <span class='ocrx_word' id='word_1_169' title='bbox 609 2387 670 2434; x_wconf 92' lang='lat' dir='ltr'>nou</span> <span class='ocrx_word' id='word_1_170' title='bbox 693 2371 751 2434; x_wconf 91' lang='lat' dir='ltr'>hoc</span> <span class='ocrx_word' id='word_1_171' title='bbox 773 2371 867 2454; x_wconf 89' lang='lat' dir='ltr'>petis,</span> <span class='ocrx_word' id='word_1_172' title='bbox 890 2370 971 2454; x_wconf 93' lang='lat' dir='ltr'>quod</span> <span class='ocrx_word' id='word_1_173' title='bbox 994 2373 1127 2453; x_wconf 91' lang='lat' dir='ltr'>uidetur,</span> <span class='ocrx_word' id='word_1_174' title='bbox 1155 2375 1210 2438; x_wconf 90' lang='lat' dir='ltr'>sed</span> <span class='ocrx_word' id='word_1_175' title='bbox 1233 2374 1315 2456; x_wconf 93' lang='lat' dir='ltr'>quod</span> 
     </span>
     <span class='ocr_line' id='line_1_20' title="bbox 176 2473 1314 2560; baseline 0.004 -22"><span class='ocrx_word' id='word_1_176' title='bbox 176 2493 239 2538; x_wconf 94' lang='lat' dir='ltr'>non</span> <span class='ocrx_word' id='word_1_177' title='bbox 274 2473 408 2538; x_wconf 90' lang='lat' dir='ltr'>uidetur.</span> <span class='ocrx_word' id='word_1_178' title='bbox 467 2492 545 2555; x_wconf 88' lang='lat' dir='ltr'>quae</span> <span class='ocrx_word' id='word_1_179' title='bbox 581 2475 664 2538; x_wconf 86' lang='lat' dir='ltr'>enim</span> <span class='ocrx_word' id='word_1_180' title='bbox 699 2475 855 2555; x_wconf 91' lang='lat' dir='ltr'>uidentur,</span> <span class='ocrx_word' id='word_1_181' title='bbox 892 2477 1077 2559; x_wconf 79' lang='lat' dir='ltr'>temporalia</span> <span class='ocrx_word' id='word_1_182' title='bbox 1110 2482 1196 2558; x_wconf 90' lang='lat' dir='ltr'>sunt,</span> <span class='ocrx_word' id='word_1_183' title='bbox 1235 2496 1314 2560; x_wconf 87' lang='lat' dir='ltr'>quae</span> 
     </span>
     <span class='ocr_line' id='line_1_21' title="bbox 177 2579 1367 2664; baseline 0.002 -20"><span class='ocrx_word' id='word_1_184' title='bbox 177 2585 284 2644; x_wconf 86' lang='lat' dir='ltr'>autem</span> <span class='ocrx_word' id='word_1_185' title='bbox 308 2597 370 2644; x_wconf 93' lang='lat' dir='ltr'>non</span> <span class='ocrx_word' id='word_1_186' title='bbox 393 2579 548 2658; x_wconf 89' lang='lat' dir='ltr'>uidentur,</span> <span class='ocrx_word' id='word_1_187' title='bbox 571 2583 698 2642; x_wconf 87' lang='lat' dir='ltr'>aeterna</span> <span class='ocrx_word' id='word_1_188' title='bbox 714 2583 796 2644; x_wconf 88' lang='lat' dir='ltr'>suut.</span> <span class='ocrx_word' id='word_1_189' title='bbox 828 2581 854 2644; x_wconf 88' lang='lat' dir='ltr'>si</span> <span class='ocrx_word' id='word_1_190' title='bbox 875 2581 1059 2662; x_wconf 86' lang='lat' dir='ltr'>temporalia</span> <span class='ocrx_word' id='word_1_191' title='bbox 1081 2583 1213 2664; x_wconf 91' lang='lat' dir='ltr'>quaeris,</span> <span class='ocrx_word' id='word_1_192' title='bbox 1237 2584 1317 2647; x_wconf 89' lang='lat' dir='ltr'>sicut</span> <span class='ocrx_word' id='word_1_193' title='bbox 1341 2608 1367 2647; x_wconf 74' lang='lat'>20</span> 
     </span>
     <span class='ocr_line' id='line_1_22' title="bbox 178 2682 1316 2768; baseline 0.004 -22"><span class='ocrx_word' id='word_1_194' title='bbox 178 2683 240 2746; x_wconf 87' lang='lat' dir='ltr'>iam</span> <span class='ocrx_word' id='word_1_195' title='bbox 258 2701 353 2766; x_wconf 86' lang='lat' dir='ltr'>supra</span> <span class='ocrx_word' id='word_1_196' title='bbox 376 2683 448 2762; x_wconf 86' lang='lat' dir='ltr'>diri,</span> <span class='ocrx_word' id='word_1_197' title='bbox 471 2682 593 2766; x_wconf 89' lang='lat' dir='ltr'>publice</span> <span class='ocrx_word' id='word_1_198' title='bbox 611 2687 642 2746; x_wconf 91' lang='lat' dir='ltr'>et</span> <span class='ocrx_word' id='word_1_199' title='bbox 664 2687 770 2766; x_wconf 88' lang='lat' dir='ltr'>aperto</span> <span class='ocrx_word' id='word_1_200' title='bbox 795 2685 872 2748; x_wconf 91' lang='lat' dir='ltr'>ostio</span> <span class='ocrx_word' id='word_1_201' title='bbox 889 2703 969 2765; x_wconf 90' lang='lat' dir='ltr'>oras,</span> <span class='ocrx_word' id='word_1_202' title='bbox 992 2686 1019 2749; x_wconf 92' lang='lat' dir='ltr'>si</span> <span class='ocrx_word' id='word_1_203' title='bbox 1041 2689 1168 2750; x_wconf 86' lang='lat' dir='ltr'>aeterna</span> <span class='ocrx_word' id='word_1_204' title='bbox 1183 2687 1316 2768; x_wconf 85' lang='lat' dir='ltr'>quaeris,</span> 
     </span>
     <span class='ocr_line' id='line_1_23' title="bbox 178 2787 1316 2873; baseline 0.003 -23"><span class='ocrx_word' id='word_1_205' title='bbox 178 2791 299 2851; x_wconf 83' lang='lat' dir='ltr'>secreta</span> <span class='ocrx_word' id='word_1_206' title='bbox 319 2789 366 2850; x_wconf 89' lang='lat' dir='ltr'>est</span> <span class='ocrx_word' id='word_1_207' title='bbox 386 2787 483 2850; x_wconf 91' lang='lat' dir='ltr'>oratio</span> <span class='ocrx_word' id='word_1_208' title='bbox 506 2791 569 2867; x_wconf 87' lang='lat' dir='ltr'>tua,</span> <span class='ocrx_word' id='word_1_209' title='bbox 593 2787 758 2868; x_wconf 87' lang='lat' dir='ltr'>quianon,</span> <span class='ocrx_word' id='word_1_210' title='bbox 783 2807 861 2870; x_wconf 89' lang='lat' dir='ltr'>quae</span> <span class='ocrx_word' id='word_1_211' title='bbox 884 2789 1039 2871; x_wconf 90' lang='lat' dir='ltr'>uidentur,</span> <span class='ocrx_word' id='word_1_212' title='bbox 1061 2789 1129 2873; x_wconf 88' lang='lat' dir='ltr'>&lt;sed</span> <span class='ocrx_word' id='word_1_213' title='bbox 1152 2809 1231 2872; x_wconf 89' lang='lat' dir='ltr'>quae</span> <span class='ocrx_word' id='word_1_214' title='bbox 1254 2809 1316 2855; x_wconf 91' lang='lat' dir='ltr'>non</span> 
     </span>
     <span class='ocr_line' id='line_1_24' title="bbox 179 2891 1317 2980; baseline 0.004 -26"><span class='ocrx_word' id='word_1_215' title='bbox 179 2891 335 2972; x_wconf 90' lang='lat' dir='ltr'>uidentur,</span> <span class='ocrx_word' id='word_1_216' title='bbox 362 2895 451 2974; x_wconf 88' lang='lat' dir='ltr'>optas</span> <span class='ocrx_word' id='word_1_217' title='bbox 480 2891 628 2973; x_wconf 87' lang='lat' dir='ltr'>accipere.</span> <span class='ocrx_word' id='word_1_218' title='bbox 675 2893 728 2974; x_wconf 93' lang='lat' dir='ltr'>qui</span> <span class='ocrx_word' id='word_1_219' title='bbox 759 2911 832 2975; x_wconf 85' lang='lat' dir='ltr'>ergo</span> <span class='ocrx_word' id='word_1_220' title='bbox 859 2893 922 2973; x_wconf 87' lang='lat' dir='ltr'>illa,</span> <span class='ocrx_word' id='word_1_221' title='bbox 955 2912 1034 2976; x_wconf 89' lang='lat' dir='ltr'>quae</span> <span class='ocrx_word' id='word_1_222' title='bbox 1062 2913 1124 2959; x_wconf 92' lang='lat' dir='ltr'>non</span> <span class='ocrx_word' id='word_1_223' title='bbox 1147 2895 1317 2980; x_wconf 75' lang='lat' dir='ltr'>uidentur),</span> 
     </span>
     <span class='ocr_line' id='line_1_25' title="bbox 178 2995 1317 3078; baseline 0.004 -19"><span class='ocrx_word' id='word_1_224' title='bbox 178 2997 211 3059; x_wconf 93' lang='lat' dir='ltr'>iu</span> <span class='ocrx_word' id='word_1_225' title='bbox 223 2995 353 3060; x_wconf 85' lang='lat' dir='ltr'>ueritate</span> <span class='ocrx_word' id='word_1_226' title='bbox 370 2995 548 3076; x_wconf 88' lang='lat' dir='ltr'>quaesierit,</span> <span class='ocrx_word' id='word_1_227' title='bbox 566 2999 597 3060; x_wconf 93' lang='lat' dir='ltr'>et</span> <span class='ocrx_word' id='word_1_228' title='bbox 613 2996 676 3076; x_wconf 90' lang='lat' dir='ltr'>illa,</span> <span class='ocrx_word' id='word_1_229' title='bbox 693 3015 771 3078; x_wconf 88' lang='lat' dir='ltr'>quae</span> <span class='ocrx_word' id='word_1_230' title='bbox 787 2997 942 3078; x_wconf 88' lang='lat' dir='ltr'>uidentur,</span> <span class='ocrx_word' id='word_1_231' title='bbox 959 2998 1083 3063; x_wconf 92' lang='lat' dir='ltr'>domino</span> <span class='ocrx_word' id='word_1_232' title='bbox 1098 3004 1317 3064; x_wconf 88' lang='lat' dir='ltr'>remunerante</span> 
     </span>
     <span class='ocr_line' id='line_1_26' title="bbox 178 3099 1371 3188; baseline 0.007 -25"><span class='ocrx_word' id='word_1_233' title='bbox 178 3099 339 3183; x_wconf 88' lang='lat' dir='ltr'>percipiet,</span> <span class='ocrx_word' id='word_1_234' title='bbox 371 3099 445 3181; x_wconf 89' lang='lat' dir='ltr'>quiu</span> <span class='ocrx_word' id='word_1_235' title='bbox 471 3118 532 3163; x_wconf 93' lang='lat' dir='ltr'>non</span> <span class='ocrx_word' id='word_1_236' title='bbox 562 3102 711 3164; x_wconf 89' lang='lat' dir='ltr'>mentitur</span> <span class='ocrx_word' id='word_1_237' title='bbox 739 3101 803 3181; x_wconf 91' lang='lat' dir='ltr'>ille,</span> <span class='ocrx_word' id='word_1_238' title='bbox 834 3103 885 3183; x_wconf 93' lang='lat' dir='ltr'>qui</span> <span class='ocrx_word' id='word_1_239' title='bbox 914 3103 1001 3166; x_wconf 88' lang='lat' dir='ltr'>dicit:</span> <span class='ocrx_word' id='word_1_240' title='bbox 1033 3104 1201 3186; x_wconf 88' lang='lat' dir='ltr'>quaerite</span> <span class='ocrx_word' id='word_1_241' title='bbox 1232 3124 1318 3188; x_wconf 84' lang='lat' dir='ltr'>ergo</span> <span class='ocrx_word' id='word_1_242' title='bbox 1344 3131 1371 3171; x_wconf 78' lang='lat' dir='ltr'>es</span> 
     </span>
     <span class='ocr_line' id='line_1_27' title="bbox 179 3204 1319 3288; baseline 0.004 -20"><span class='ocrx_word' id='word_1_243' title='bbox 179 3206 339 3288; x_wconf 91' lang='lat' dir='ltr'>primum</span> <span class='ocrx_word' id='word_1_244' title='bbox 366 3223 519 3287; x_wconf 83' lang='lat' dir='ltr'>regnum</span> <span class='ocrx_word' id='word_1_245' title='bbox 548 3205 606 3268; x_wconf 92' lang='lat' dir='ltr'>dei</span> <span class='ocrx_word' id='word_1_246' title='bbox 635 3208 670 3267; x_wconf 87' lang='lat' dir='ltr'>ct</span> <span class='ocrx_word' id='word_1_247' title='bbox 698 3204 886 3270; x_wconf 87' lang='lat' dir='ltr'>iustitiam</span> <span class='ocrx_word' id='word_1_248' title='bbox 914 3207 993 3271; x_wconf 90' lang='lat' dir='ltr'>eius</span> <span class='ocrx_word' id='word_1_249' title='bbox 1022 3213 1058 3273; x_wconf 91' lang='lat' dir='ltr'>et</span> <span class='ocrx_word' id='word_1_250' title='bbox 1083 3209 1319 3273; x_wconf 87' lang='lat' dir='ltr'>haecomnia</span> 
     </span>
     <span class='ocr_line' id='line_1_28' title="bbox 179 3307 615 3390; baseline -0.005 -16"><span class='ocrx_word' id='word_1_251' title='bbox 179 3307 476 3390; x_wconf 87' lang='lat' dir='ltr'>praestabuntur</span> <span class='ocrx_word' id='word_1_252' title='bbox 499 3307 615 3373; x_wconf 90' lang='lat' dir='ltr'>uobis.</span> 
     </span>
    </p>

    <p class='ocr_par' dir='ltr' id='par_1_4' title="bbox 181 3411 1319 3606">
     <span class='ocr_line' id='line_1_29' title="bbox 224 3411 1319 3500; baseline 0.006 -24"><span class='ocrx_word' id='word_1_253' title='bbox 224 3412 291 3476; x_wconf 88' lang='lat' dir='ltr'>Nec</span> <span class='ocrx_word' id='word_1_254' title='bbox 313 3411 372 3476; x_wconf 92' lang='lat' dir='ltr'>hoo</span> <span class='ocrx_word' id='word_1_255' title='bbox 396 3412 537 3492; x_wconf 90' lang='lat' dir='ltr'>dicimus,</span> <span class='ocrx_word' id='word_1_256' title='bbox 561 3414 683 3493; x_wconf 83' lang='lat' dir='ltr'>fratres,</span> <span class='ocrx_word' id='word_1_257' title='bbox 713 3417 748 3478; x_wconf 94' lang='lat' dir='ltr'>ut</span> <span class='ocrx_word' id='word_1_258' title='bbox 770 3433 826 3496; x_wconf 94' lang='lat' dir='ltr'>pro</span> <span class='ocrx_word' id='word_1_259' title='bbox 848 3416 943 3480; x_wconf 89' lang='lat' dir='ltr'>rebus</span> <span class='ocrx_word' id='word_1_260' title='bbox 971 3419 1197 3500; x_wconf 86' lang='lat' dir='ltr'>temporalibus</span> <span class='ocrx_word' id='word_1_261' title='bbox 1221 3419 1319 3483; x_wconf 91' lang='lat' dir='ltr'>domi·</span> 
     </span>
     <span class='ocr_line' id='line_1_30' title="bbox 181 3515 1318 3606; baseline 0.006 -25"><span class='ocrx_word' id='word_1_262' title='bbox 181 3537 257 3582; x_wconf 90' lang='lat' dir='ltr'>num</span> <span class='ocrx_word' id='word_1_263' title='bbox 281 3534 343 3580; x_wconf 94' lang='lat' dir='ltr'>non</span> <span class='ocrx_word' id='word_1_264' title='bbox 366 3535 500 3598; x_wconf 89' lang='lat' dir='ltr'>oremus,</span> <span class='ocrx_word' id='word_1_265' title='bbox 528 3515 558 3581; x_wconf 90' lang='lat' dir='ltr'>id</span> <span class='ocrx_word' id='word_1_266' title='bbox 582 3521 630 3581; x_wconf 89' lang='lat' dir='ltr'>est</span> <span class='ocrx_word' id='word_1_267' title='bbox 657 3536 712 3599; x_wconf 91' lang='lat' dir='ltr'>pro</span> <span class='ocrx_word' id='word_1_268' title='bbox 736 3519 870 3583; x_wconf 87' lang='lat' dir='ltr'>sanitate</span> <span class='ocrx_word' id='word_1_269' title='bbox 893 3537 1056 3602; x_wconf 91' lang='lat' dir='ltr'>corporum</span> <span class='ocrx_word' id='word_1_270' title='bbox 1084 3526 1139 3587; x_wconf 90' lang='lat' dir='ltr'>aut</span> <span class='ocrx_word' id='word_1_271' title='bbox 1165 3540 1220 3606; x_wconf 92' lang='lat' dir='ltr'>pro</span> <span class='ocrx_word' id='word_1_272' title='bbox 1242 3541 1318 3605; x_wconf 84' lang='lat' dir='ltr'>pace</span> 
     </span>
    </p>
   </div>
   <div class='ocr_carea' id='block_1_3' title="bbox 285 3687 814 3758">
    <p class='ocr_par' dir='ltr' id='par_1_5' title="bbox 285 3687 814 3758">
     <span class='ocr_line' id='line_1_31' title="bbox 285 3687 814 3758; baseline 0.002 -14"><span class='ocrx_word' id='word_1_273' title='bbox 285 3687 314 3756; x_wconf 86' lang='lat'>3]</span> <span class='ocrx_word' id='word_1_274' title='bbox 333 3687 428 3741; x_wconf 84' lang='lat' dir='ltr'>Mattlr.</span> <span class='ocrx_word' id='word_1_275' title='bbox 442 3690 466 3749; x_wconf 85' lang='grc'>6,</span> <span class='ocrx_word' id='word_1_276' title='bbox 480 3692 504 3742; x_wconf 85' lang='grc'>5.</span> <span class='ocrx_word' id='word_1_277' title='bbox 557 3689 603 3756; x_wconf 87' lang='grc'>25]</span> <span class='ocrx_word' id='word_1_278' title='bbox 623 3689 718 3743; x_wconf 85' lang='lat' dir='ltr'>Matth.</span> <span class='ocrx_word' id='word_1_279' title='bbox 732 3695 757 3758; x_wconf 86' lang='lat' dir='ltr'>o,</span> <span class='ocrx_word' id='word_1_280' title='bbox 772 3694 814 3745; x_wconf 86' lang='lat'>33.</span> 
     </span>
    </p>
   </div>
   <div class='ocr_carea' id='block_1_4' title="bbox 177 3843 1322 4513">
    <p class='ocr_par' dir='ltr' id='par_1_6' title="bbox 177 3843 1322 4513">
     <span class='ocr_line' id='line_1_32' title="bbox 224 3843 1319 3918; baseline 0.006 -18"><span class='ocrx_word' id='word_1_281' title='bbox 224 3843 365 3913; x_wconf 67' lang='lat' dir='ltr'>dimpleri</span> <span class='ocrx_word' id='word_1_282' title='bbox 384 3845 454 3913; x_wconf 81' lang='lat' dir='ltr'>Aup.</span> <span class='ocrx_word' id='word_1_283' title='bbox 517 3845 645 3913; x_wconf 81' lang='lat' dir='ltr'>linquid</span> <span class='ocrx_word' id='word_1_284' title='bbox 665 3849 693 3901; x_wconf 88' lang='lat' dir='ltr'><em>D</em></span> <span class='ocrx_word' id='word_1_285' title='bbox 755 3847 876 3902; x_wconf 76' lang='lat' dir='ltr'>thestio</span> <span class='ocrx_word' id='word_1_286' title='bbox 896 3850 925 3903; x_wconf 89' lang='lat' dir='ltr'><em>D</em></span> <span class='ocrx_word' id='word_1_287' title='bbox 985 3849 1237 3918; x_wconf 74' lang='lat' dir='ltr'>seuam1publice</span> <span class='ocrx_word' id='word_1_288' title='bbox 1255 3853 1319 3907; x_wconf 83' lang='lat' dir='ltr'>add.</span> 
     </span>
     <span class='ocr_line' id='line_1_33' title="bbox 182 3930 1321 4006; baseline 0.006 -20"><span class='ocrx_word' id='word_1_289' title='bbox 182 3934 254 4002; x_wconf 77' lang='lat' dir='ltr'>Aup.</span> <span class='ocrx_word' id='word_1_290' title='bbox 319 3933 349 3986; x_wconf 94' lang='grc'>11</span> <span class='ocrx_word' id='word_1_291' title='bbox 369 3930 456 3984; x_wconf 88' lang='lat' dir='ltr'>hostio</span> <span class='ocrx_word' id='word_1_292' title='bbox 477 3933 505 3986; x_wconf 95' lang='lat' dir='ltr'><em>D</em></span> <span class='ocrx_word' id='word_1_293' title='bbox 568 3935 598 3988; x_wconf 83' lang='grc'>14</span> <span class='ocrx_word' id='word_1_294' title='bbox 618 3935 646 3986; x_wconf 89' lang='lat' dir='ltr'>ct</span> <span class='ocrx_word' id='word_1_295' title='bbox 663 3935 744 4004; x_wconf 80' lang='lat' dir='ltr'>Auq,</span> <span class='ocrx_word' id='word_1_296' title='bbox 763 3953 812 3990; x_wconf 78' lang='lat' dir='ltr'>oro.</span> <span class='ocrx_word' id='word_1_297' title='bbox 832 3937 862 3990; x_wconf 95' lang='lat' dir='ltr'><em>D</em></span> <span class='ocrx_word' id='word_1_298' title='bbox 926 3939 956 3991; x_wconf 88' lang='grc'>15</span> <span class='ocrx_word' id='word_1_299' title='bbox 974 3935 1079 4006; x_wconf 88' lang='lat' dir='ltr'>puplice</span> <span class='ocrx_word' id='word_1_300' title='bbox 1097 3939 1127 3990; x_wconf 95' lang='lat' dir='ltr'><em>D</em></span> <span class='ocrx_word' id='word_1_301' title='bbox 1185 3938 1273 3992; x_wconf 89' lang='lat' dir='ltr'>hostio</span> <span class='ocrx_word' id='word_1_302' title='bbox 1291 3940 1321 3993; x_wconf 88' lang='lat' dir='ltr'><em>D</em></span> 
     </span>
     <span class='ocr_line' id='line_1_34' title="bbox 182 4018 1321 4091; baseline 0.005 -19"><span class='ocrx_word' id='word_1_303' title='bbox 182 4018 256 4088; x_wconf 90' lang='lat' dir='ltr'>quia]</span> <span class='ocrx_word' id='word_1_304' title='bbox 276 4033 293 4086; x_wconf 90' lang='lat' dir='ltr'>q</span> <span class='ocrx_word' id='word_1_305' title='bbox 312 4019 341 4072; x_wconf 90' lang='lat' dir='ltr'><em>D</em></span> <span class='ocrx_word' id='word_1_306' title='bbox 395 4021 426 4074; x_wconf 80' lang='grc'>16</span> <span class='ocrx_word' id='word_1_307' title='bbox 445 4019 612 4088; x_wconf 79' lang='lat' dir='ltr'>irrdulgoutid</span> <span class='ocrx_word' id='word_1_308' title='bbox 629 4023 658 4076; x_wconf 88' lang='lat' dir='ltr'><em>D</em></span> <span class='ocrx_word' id='word_1_309' title='bbox 712 4024 742 4077; x_wconf 85' lang='lat'>17</span> <span class='ocrx_word' id='word_1_310' title='bbox 762 4021 867 4091; x_wconf 86' lang='lat' dir='ltr'>puplice</span> <span class='ocrx_word' id='word_1_311' title='bbox 885 4025 914 4078; x_wconf 90' lang='lat' dir='ltr'><em>D</em></span> <span class='ocrx_word' id='word_1_312' title='bbox 968 4026 1000 4079; x_wconf 88' lang='lat'>18</span> <span class='ocrx_word' id='word_1_313' title='bbox 1018 4025 1146 4079; x_wconf 88' lang='lat' dir='ltr'>hostioD</span> <span class='ocrx_word' id='word_1_314' title='bbox 1199 4028 1231 4080; x_wconf 88' lang='lat'>19</span> <span class='ocrx_word' id='word_1_315' title='bbox 1250 4025 1321 4078; x_wconf 89' lang='lat' dir='ltr'>euim</span> 
     </span>
     <span class='ocr_line' id='line_1_35' title="bbox 182 4107 1322 4180; baseline 0.011 -25"><span class='ocrx_word' id='word_1_316' title='bbox 182 4107 208 4175; x_wconf 70' lang='lat' dir='ltr'>llll</span> <span class='ocrx_word' id='word_1_317' title='bbox 226 4108 256 4162; x_wconf 95' lang='lat' dir='ltr'><em>D</em></span> <span class='ocrx_word' id='word_1_318' title='bbox 277 4107 347 4172; x_wconf 81' lang='lat' dir='ltr'>(crat</span> <span class='ocrx_word' id='word_1_319' title='bbox 370 4123 422 4159; x_wconf 92' lang='lat' dir='ltr'>nou</span> <span class='ocrx_word' id='word_1_320' title='bbox 444 4109 476 4161; x_wconf 82' lang='lat' dir='ltr'>iu</span> <span class='ocrx_word' id='word_1_321' title='bbox 497 4109 563 4174; x_wconf 83' lang='lat' dir='ltr'>rac.)</span> <span class='ocrx_word' id='word_1_322' title='bbox 634 4113 667 4164; x_wconf 74' lang='lat' dir='ltr'>‘lo</span> <span class='ocrx_word' id='word_1_323' title='bbox 686 4110 773 4177; x_wconf 89' lang='lat' dir='ltr'>queris</span> <span class='ocrx_word' id='word_1_324' title='bbox 794 4111 822 4164; x_wconf 90' lang='lat' dir='ltr'><em>D</em></span> <span class='ocrx_word' id='word_1_325' title='bbox 891 4113 924 4166; x_wconf 92' lang='grc'>21</span> <span class='ocrx_word' id='word_1_326' title='bbox 943 4110 1065 4180; x_wconf 88' lang='lat' dir='ltr'>pupplicc</span> <span class='ocrx_word' id='word_1_327' title='bbox 1084 4113 1114 4166; x_wconf 96' lang='lat' dir='ltr'><em>D</em></span> <span class='ocrx_word' id='word_1_328' title='bbox 1182 4111 1269 4164; x_wconf 87' lang='lat' dir='ltr'>hostio</span> <span class='ocrx_word' id='word_1_329' title='bbox 1292 4115 1322 4167; x_wconf 93' lang='lat' dir='ltr'><em>D</em></span> 
     </span>
     <span class='ocr_line' id='line_1_36' title="bbox 177 4195 1321 4270; baseline 0.002 -20"><span class='ocrx_word' id='word_1_330' title='bbox 177 4199 242 4262; x_wconf 78' lang='lat' dir='ltr'>post</span> <span class='ocrx_word' id='word_1_331' title='bbox 265 4209 325 4246; x_wconf 84' lang='lat' dir='ltr'>orus</span> <span class='ocrx_word' id='word_1_332' title='bbox 347 4211 446 4248; x_wconf 79' lang='lat' dir='ltr'>rasura</span> <span class='ocrx_word' id='word_1_333' title='bbox 468 4196 499 4248; x_wconf 82' lang='lat' dir='ltr'>iu</span> <span class='ocrx_word' id='word_1_334' title='bbox 517 4195 546 4249; x_wconf 94' lang='lat' dir='ltr'><em>D</em></span> <span class='ocrx_word' id='word_1_335' title='bbox 564 4203 658 4264; x_wconf 74' lang='lat' dir='ltr'>caetui,</span> <span class='ocrx_word' id='word_1_336' title='bbox 680 4199 712 4252; x_wconf 82' lang='lat' dir='ltr'>iu</span> <span class='ocrx_word' id='word_1_337' title='bbox 734 4215 788 4266; x_wconf 66' lang='lat' dir='ltr'>piu</span> <span class='ocrx_word' id='word_1_338' title='bbox 805 4204 863 4252; x_wconf 79' lang='lat' dir='ltr'>erut</span> <span class='ocrx_word' id='word_1_339' title='bbox 881 4199 943 4266; x_wconf 88' lang='lat' dir='ltr'>quia</span> <span class='ocrx_word' id='word_1_340' title='bbox 961 4198 979 4252; x_wconf 75' lang='lat' dir='ltr'>ir</span> <span class='ocrx_word' id='word_1_341' title='bbox 996 4199 1046 4251; x_wconf 93' lang='lat' dir='ltr'>hoc</span> <span class='ocrx_word' id='word_1_342' title='bbox 1116 4202 1223 4252; x_wconf 76' lang='lat' dir='ltr'>aeterna</span> <span class='ocrx_word' id='word_1_343' title='bbox 1240 4201 1321 4270; x_wconf 78' lang='lat' dir='ltr'>Auq,</span> 
     </span>
     <span class='ocr_line' id='line_1_37' title="bbox 182 4280 1320 4356; baseline 0.007 -22"><span class='ocrx_word' id='word_1_344' title='bbox 182 4283 288 4334; x_wconf 87' lang='lat' dir='ltr'>terrena</span> <span class='ocrx_word' id='word_1_345' title='bbox 307 4281 337 4334; x_wconf 93' lang='lat' dir='ltr'><em>D</em></span> <span class='ocrx_word' id='word_1_346' title='bbox 390 4280 478 4348; x_wconf 85' lang='lat' dir='ltr'>queris</span> <span class='ocrx_word' id='word_1_347' title='bbox 491 4282 520 4336; x_wconf 92' lang='lat' dir='ltr'><em>D</em></span> <span class='ocrx_word' id='word_1_348' title='bbox 572 4285 606 4338; x_wconf 83' lang='lat'>22</span> <span class='ocrx_word' id='word_1_349' title='bbox 624 4283 670 4337; x_wconf 86' lang='lat' dir='ltr'>sed</span> <span class='ocrx_word' id='word_1_350' title='bbox 689 4283 919 4351; x_wconf 86' lang='lat' dir='ltr'>quac—uidentur</span> <span class='ocrx_word' id='word_1_351' title='bbox 936 4287 1017 4356; x_wconf 80' lang='lat' dir='ltr'>Aup,</span> <span class='ocrx_word' id='word_1_352' title='bbox 1035 4303 1086 4340; x_wconf 73' lang='lat' dir='ltr'>oon.</span> <span class='ocrx_word' id='word_1_353' title='bbox 1101 4287 1137 4353; x_wconf 95' lang='lat' dir='ltr'>D,</span> <span class='ocrx_word' id='word_1_354' title='bbox 1154 4287 1202 4340; x_wconf 84' lang='lat' dir='ltr'>sed</span> <span class='ocrx_word' id='word_1_355' title='bbox 1218 4289 1250 4340; x_wconf 82' lang='lat' dir='ltr'>iu</span> <span class='ocrx_word' id='word_1_356' title='bbox 1266 4304 1320 4343; x_wconf 84' lang='lat' dir='ltr'>ras.</span> 
     </span>
     <span class='ocr_line' id='line_1_38' title="bbox 184 4365 1229 4444; baseline 0.009 -25"><span class='ocrx_word' id='word_1_357' title='bbox 184 4365 236 4420; x_wconf 75' lang='lat' dir='ltr'>uuo</span> <span class='ocrx_word' id='word_1_358' title='bbox 255 4373 343 4421; x_wconf 77' lang='lat' dir='ltr'>euolat</span> <span class='ocrx_word' id='word_1_359' title='bbox 396 4370 429 4422; x_wconf 83' lang='lat'>25</span> <span class='ocrx_word' id='word_1_360' title='bbox 447 4368 575 4438; x_wconf 86' lang='lat' dir='ltr'>percipiet</span> <span class='ocrx_word' id='word_1_361' title='bbox 592 4371 673 4440; x_wconf 67' lang='lat' dir='ltr'>Auo,</span> <span class='ocrx_word' id='word_1_362' title='bbox 690 4371 793 4440; x_wconf 87' lang='lat' dir='ltr'>pcipiat</span> <span class='ocrx_word' id='word_1_363' title='bbox 810 4373 840 4426; x_wconf 92' lang='lat' dir='ltr'><em>D</em></span> <span class='ocrx_word' id='word_1_364' title='bbox 891 4374 926 4428; x_wconf 88' lang='grc'>28</span> <span class='ocrx_word' id='word_1_365' title='bbox 943 4373 1005 4442; x_wconf 90' lang='lat' dir='ltr'>hoc]</span> <span class='ocrx_word' id='word_1_366' title='bbox 1025 4373 1062 4425; x_wconf 85' lang='lat' dir='ltr'>sio</span> <span class='ocrx_word' id='word_1_367' title='bbox 1080 4374 1143 4427; x_wconf 82' lang='lat' dir='ltr'>odd.</span> <span class='ocrx_word' id='word_1_368' title='bbox 1157 4375 1229 4444; x_wconf 74' lang='lat' dir='ltr'>Auq.</span> 
     </span>
     <span class='ocr_line' id='line_1_39' title="bbox 1119 4462 1167 4513; baseline 0.042 -2"><span class='ocrx_word' id='word_1_369' title='bbox 1119 4462 1167 4513; x_wconf 77' lang='lat'>19*</span> 
     </span>
    </p>
   </div>
   <div class='ocr_carea' id='block_1_5' title="bbox 0 0 1571 4892">
    <p class='ocr_par' dir='ltr' id='par_1_7' title="bbox 0 0 1571 4892">
     <span class='ocr_line' id='line_1_40' title="bbox 0 0 1571 4892; baseline 0 0"><span class='ocrx_word' id='word_1_370' title='bbox 0 0 1571 4892; x_wconf 95' lang='lat' dir='ltr'> </span> 
     </span>
    </p>
   </div>
  </div>
 </body>
</html>
