3100 4892
517 426 521 435 ¹
605 439 657 496 III.
675 439 828 510 Epistula
846 443 870 494 9.
1242 439 1306 504 213

164 616 261 680 decus
283 633 347 682 non
368 615 400 680 in
423 615 559 698 corporis
581 631 757 698 personam,
781 615 837 682 sed
857 615 891 680 in
907 615 1005 682 animi
1018 617 1151 682 sormam
1168 617 1307 684 sollertia

164 719 293 787 lactoris
318 720 477 804 inpressit.

208 823 322 890 Uirum
351 825 504 908 spiritalia
525 828 557 889 et
579 825 683 890 diuina
711 825 903 909 cogitantem
933 825 1062 890 tristitia
1087 843 1149 891 non
1172 825 1306 910 frangat,

162 930 285 995 laetitia
299 947 362 996 non
375 929 522 1009 resoluat,
545 930 721 994 stabilitum
747 930 780 994 in
802 929 914 995 timore
938 929 987 994 dei
1009 933 1118 1014 pectus
1142 931 1305 1014 magnani-

163 1035 259 1099 mitas
287 1034 484 1117 aequalitatis
516 1035 670 1114 ostendat,
693 1038 729 1099 ut
756 1038 789 1098 et
815 1033 905 1099 nobis
933 1035 1070 1118 coaptari
1092 1035 1192 1118 possit
1209 1034 1307 1102 libelli
1345 1062 1358 1103 s

162 1139 250 1203 illius
274 1138 398 1223 insigne
419 1139 618 1222 principium,
640 1137 696 1202 ubi
717 1139 769 1203 ille
789 1138 975 1223 magnificus
990 1139 1141 1220 Helcaua,
1165 1139 1216 1221 qui
1235 1157 1307 1222 pos·

164 1243 268 1307 sessio
290 1242 340 1306 dei
361 1242 594 1326 interpretatur,
622 1243 670 1307 uir
691 1261 772 1307 unus
796 1243 927 1325 mystico
950 1248 1148 1327 nuncupatur
1171 1244 1305 1326 eloquio:

163 1350 261 1427 erat,
290 1347 403 1430 inquit,
433 1347 490 1411 uir
519 1364 628 1427 unus,
659 1348 718 1413 hoc
740 1350 788 1412 est
811 1365 934 1430 semper
956 1348 1049 1428 idem,
1080 1349 1153 1430 quia
1175 1348 1251 1414 nihil
1273 1348 1306 1414 in

163 1469 200 1516 eo
217 1451 390 1535 apparebat
404 1449 544 1532 dubium,
567 1451 646 1516 nihil
662 1452 785 1534 duplex,
801 1451 879 1516 nihil
895 1452 1027 1533 uarium,
1043 1451 1120 1517 nihil
1136 1452 1307 1533 diuersum,

163 1556 220 1622 sed
252 1574 325 1620 eum
357 1556 391 1620 in
420 1558 508 1620 statu
534 1557 686 1621 uirtutum
721 1557 906 1622 inconcusso
934 1556 1039 1622 ordine
1069 1561 1307 1639 permanentem
1334 1583 1359 1624 ro

162 1660 345 1726 accedentia
376 1661 409 1724 iu
445 1661 635 1726 contrarium
665 1678 727 1725 non
758 1659 937 1742 mouebant,
973 1660 1137 1728 mutabilia
1167 1665 1309 1746 tempora

163 1755 228 1832 non
252 1764 431 1846 mutabant,
453 1783 512 1830 nec
534 1784 617 1845 eum,
641 1767 676 1830 ut
697 1766 826 1830 marinis
849 1763 996 1830 fluctibus
1017 1767 1111 1830 moris
1133 1769 1191 1848 est,
1214 1766 1247 1831 iu
1263 1767 1308 1830 al·

161 1874 272 1935 ternas
294 1873 399 1953 partes
421 1870 505 1934 leuia
525 1873 693 1935 uentorum
711 1869 811 1934 flabra
832 1869 1012 1936 uersabant.
1045 1871 1091 1934 ita
1106 1873 1138 1934 et
1153 1869 1306 1935 sollicitus

163 1975 215 2040 dei
237 1974 376 2039 famulus
403 1979 496 2039 uasta
522 1973 593 2038 fidei
620 1975 703 2038 mole
724 1974 874 2039 fundatus
896 1975 929 2039 in
951 1974 1010 2039 hoo
1037 1977 1162 2040 tantum
1185 1973 1307 2040 Ohristo

162 2081 196 2144 in
228 2097 263 2143 se
292 2082 438 2161 operante
462 2081 610 2159 mutetur,
638 2081 676 2142 ut
697 2081 787 2143 nouis
811 2097 935 2162 semper
957 2079 1065 2162 gratiis
1088 2078 1246 2160 induatur,
1273 2080 1306 2145 in
1333 2103 1358 2146 rs

162 2202 241 2268 agro
262 2183 396 2267 pectoris
418 2184 598 2267 plantentur
621 2183 721 2266 utilia,
744 2183 837 2248 noxia
860 2183 1068 2248 suecidantur.
1108 2187 1140 2248 et
1159 2184 1232 2266 quia
1247 2184 1307 2248 rni-

161 2288 274 2353 litibus
297 2287 362 2351 suis
381 2287 540 2371 praecepit
559 2303 662 2351 sermo
684 2287 825 2352 diuinus:
848 2305 942 2368 cum,
966 2287 1076 2370 inquit,
1101 2288 1143 2352 ad
1165 2286 1306 2352 bellum

162 2392 396 2478 processeris
427 2395 463 2456 et
490 2392 590 2457 inter
619 2392 785 2474 reliquas
817 2391 975 2472 praedas
1006 2392 1161 2475 potieris
1193 2392 1306 2476 uirgi-

162 2516 261 2578 nem,
293 2496 463 2561 abscides
492 2515 636 2580 ungues
667 2501 702 2560 et
733 2495 855 2560 crines
887 2497 965 2560 eius
996 2500 1033 2560 et
1056 2496 1109 2561 ita
1132 2513 1210 2561 eam
1234 2496 1305 2562 tibi

162 2601 337 2684 coniugio
360 2600 567 2684 copulabis,
590 2601 636 2664 ita
657 2619 713 2666 nos
737 2601 776 2664 ad
797 2605 940 2666 sanctam
956 2599 1072 2665 Christi
1088 2601 1198 2666 timore
1214 2618 1304 2684 prae·
1331 2627 1358 2670 ao

162 2706 257 2772 cincti
279 2705 478 2789 prudentiam
502 2705 628 2786 saeculi,
652 2722 731 2787 quae
754 2705 895 2787 simplex,
926 2705 1115 2788 incorrupta,
1144 2705 1264 2770 sincera
1287 2723 1306 2770 a

162 2811 221 2875 deo
250 2810 336 2875 iacta
365 2813 423 2890 est,
453 2810 614 2893 captiuam
643 2809 791 2892 spiritalis
822 2809 994 2892 sapientiae
1018 2808 1245 2894 subiungamus
1269 2827 1305 2874 ac

162 2913 325 2999 superflua
345 2916 411 2979 eius
434 2915 602 2998 amputatis
625 2913 710 2978 uitiis
733 2913 932 2980 abscidamus
948 2917 980 2978 et
995 2915 1113 2996 pectori
1128 2917 1216 2980 casta
1231 2933 1305 2982 con-

161 3019 323 3085 iunctione
346 3020 511 3084 sociemus.

206 3123 293 3190 Ante
315 3123 431 3205 omnia,
461 3124 494 3188 in
518 3127 671 3206 quantum
695 3123 863 3188 adiuuante
886 3123 943 3188 deo
965 3140 1143 3206 possumus,
1173 3123 1245 3188 illas
1272 3124 1305 3189 in
1331 3151 1357 3190 es

161 3229 254 3294 nobis
278 3224 434 3293 debellare
457 3247 602 3293 curemus
626 3229 762 3311 quinque
786 3246 937 3292 sensuum
952 3228 1123 3311 passiones.
1159 3227 1305 3311 quicquid

162 3334 249 3398 enim
278 3333 468 3416 pulchrescit
496 3332 581 3414 uisu,
613 3332 759 3415 quicquid
794 3331 953 3397 blanditur
983 3332 1123 3414 odoratu,
1157 3332 1304 3415 quicquid

269 3565 297 3635 e]
318 3568 331 3621 1
351 3565 415 3636 rag.
430 3569 453 3631 1,
468 3567 490 3624 1.
546 3565 589 3634 17]
609 3565 688 3619 neus.
702 3568 744 3631 21,
759 3567 867 3622 10-13.

205 3789 219 3842 1
239 3784 362 3839 sollercia
381 3785 403 3841 S
465 3787 483 3840 4
500 3783 731 3853 magnanimitatis
749 3782 898 3852 aequalitas
914 3785 1070 3840 Kraechiae
1088 3785 1306 3854 coll.p.198,18

161 3872 349 3928 lmisticoS
406 3871 578 3940 ainqmds
639 3874 669 3926 ll
690 3869 929 3926 commouebentc
987 3874 1020 3927 12
1038 3870 1148 3924 marinis
1166 3870 1304 3940 fluctibus]

161 3958 268 4027 magnis
286 3957 461 4014 uirtutibusc
514 3961 547 4014 14
565 3957 634 4012 mole
653 3957 744 4014 fideic
799 3960 830 4013 15
849 3961 1005 4012 mutatura
1057 3955 1148 4014 noliS
1201 3961 1232 4013 17
1244 3973 1304 4026 pre·

161 4046 233 4116 cepit
256 4047 280 4102 S
355 4045 449 4115 inquid
473 4047 496 4103 S
570 4049 602 4102 la
625 4045 725 4115 praeda
747 4045 856 4114 speciest
880 4046 902 4101 S
923 4044 1030 4114 (pecierit
1053 4046 1116 4115 lepti
1139 4046 1304 4112 Kouralios)

163 4135 196 4188 19
214 4131 382 4188 abscindere
433 4135 467 4188 20
479 4132 527 4202 ad]
545 4135 576 4186 ut
587 4133 743 4189 Knessba'as
795 4132 961 4202 precinctiS
1012 4135 1043 4188 21
1062 4132 1149 4200 ques
1198 4133 1232 4187 22
1251 4133 1303 4201 spi·

161 4219 248 4274 ritalis
266 4221 374 4290 cepa,
392 4219 548 4290 spiritaliS
617 4219 810 4288 subiungamus
829 4238 852 4287 c,
876 4218 1062 4288 subiungimus
1082 4219 1110 4287 S,
1133 4217 1303 4286 subiugsmus

161 4307 314 4364 uosmet
352 4309 387 4363 23
397 4307 611 4364 abscindamusc
649 4313 782 4377 pactores
817 4306 1143 4361 castamconiuuctionem
1152 4307 1303 4362 Mamaeae

161 4395 333 4450 coniunctioll
352 4396 375 4452 S
437 4397 471 4452 26
490 4408 611 4450 curemus
628 4413 653 4468 c,
669 4411 805 4451 sumemus
819 4394 1003 4452 SKrascbias
1067 4391 1305 4466 supplantamus
