3100 4892
246 431 306 495 126
628 431 664 485 II.
683 432 728 485 De
746 432 868 500 spiritu
887 435 1000 486 sancto

242 606 325 671 libus
356 607 399 672 sit
425 607 632 672 determinata
653 605 816 673 limitibus.
864 609 907 672 ait
929 607 1077 692 apostolis
1100 607 1261 672 dominus:
1293 605 1388 670 aoei-

243 712 355 795 piebis
385 711 566 776 uirtutem
597 712 905 796 superuenientis
936 710 1094 795 spiritus
1118 710 1240 776 saneti
1262 709 1300 773 in
1323 727 1388 774 uos

244 819 280 880 et
310 816 417 880 eritis
448 816 539 880 mihi
567 819 686 881 testes
716 817 752 879 in
775 816 1015 882 Hierusalem
1042 819 1079 880 et
1104 816 1141 879 in
1164 833 1309 880 omnem
1332 814 1389 878 Iu·

243 919 372 984 daeam
394 923 431 984 et
454 919 658 986 Samariam
682 923 718 984 et
741 939 857 1003 usque
880 921 923 986 ad
945 920 1121 985 ultimum
1145 922 1278 984 terrae.
1317 921 1391 1002 post

203 1051 216 1091 ι
243 1025 330 1089 ouius
358 1025 574 1089 ascensionem
600 1023 689 1089 uenit
716 1043 810 1108 super
834 1043 886 1090 eos
912 1025 1038 1108 spiritus
1062 1027 1188 1089 sanetus
1216 1026 1253 1087 et
1279 1040 1390 1105 appa-

217 1131 222 1140 '
242 1132 399 1194 ruerunt
420 1129 500 1194 illis
523 1129 746 1212 dispertitae
772 1130 924 1214 linguae
948 1129 1054 1212 quasi
1076 1129 1189 1213 ignis,
1216 1127 1390 1210 seditque

243 1251 355 1318 supra
386 1234 555 1318 singulos
579 1252 715 1299 eorum.

286 1337 469 1418 Uideamus,
492 1355 588 1420 quare
605 1338 750 1422 primitus
766 1338 962 1403 diuersarum
979 1338 1135 1402 donantur
1157 1336 1391 1402 benedictiones

242 1442 434 1525 linguarum,
457 1442 607 1506 nimirum
626 1445 662 1507 ut
681 1442 785 1507 idonei
800 1441 974 1507 efficiantur
990 1442 1129 1507 fidelium
1146 1441 1319 1507 eruditione
1335 1459 1392 1525 po-

193 1573 218 1611 ro
244 1546 398 1629 pulorum.
455 1546 537 1628 quod
566 1565 640 1612 uero
671 1565 767 1631 supra
798 1547 936 1631 singulos
968 1547 1085 1611 sedisse
1117 1549 1324 1626 memoratur,
1360 1545 1392 1610 id

242 1667 356 1715 oausao
379 1653 438 1730 est,
462 1653 497 1715 ut
518 1650 721 1734 intellegatur
742 1670 798 1735 per
821 1652 958 1735 plurales
981 1669 1043 1716 non
1063 1650 1160 1716 luisse
1180 1651 1310 1732 diuisus,
1335 1649 1392 1714 sed

244 1754 397 1819 mansisse
420 1756 452 1818 in
475 1755 607 1838 singulis
630 1757 725 1836 totus,
756 1755 838 1820 siout
863 1754 930 1819 fieri
954 1755 1081 1840 ignibus
1105 1773 1172 1819 mos
1196 1758 1253 1819 est.
1308 1755 1392 1819 hano

244 1859 338 1940 enim,
370 1863 405 1923 ut
427 1859 583 1939 nouimus,
614 1858 709 1923 habet
731 1863 877 1924 naturam
909 1860 990 1944 ignis
1015 1877 1174 1939 aooensuS,
1204 1863 1249 1940 ut,
1278 1858 1392 1941 quanti

244 1964 283 2028 ad
305 1983 386 2045 eum,
410 1964 518 2046 quanti
534 1964 573 2028 ad
589 1963 707 2029 crinem
723 1965 871 2048 purpurei
888 1964 1062 2049 splendoris
1079 1965 1265 2047 aspexerint,
1289 1963 1391 2028 tantis

193 2094 218 2134 ιι
246 2087 339 2132 usum
373 2087 448 2133 suae
481 2069 561 2133 lueis
593 2069 755 2153 inpediat,
790 2069 887 2133 tantis
921 2069 1133 2134 ministerium
1166 2069 1216 2134 sui
1249 2068 1393 2133 muneris

243 2171 362 2236 tribuat
391 2177 423 2237 et
453 2173 520 2256 ipse
551 2173 751 2237 nihilominus
777 2173 810 2238 in
834 2173 882 2238 sui
904 2173 1084 2257 integritate
1107 2177 1299 2257 permaneat.
1347 2174 1394 2237 ita

244 2277 346 2341 saneti
365 2277 495 2361 spiritus
511 2277 620 2358 uirtus,
638 2277 869 2360 quantumlibet
884 2276 1002 2359 effluat,
1025 2275 1257 2360 quantumlibet
1271 2277 1305 2342 in
1320 2279 1393 2361 plu-

244 2381 341 2446 rimos
364 2381 466 2465 gratia
489 2382 612 2446 diuinae
635 2383 791 2467 largitatis
815 2382 972 2464 exuberet,
997 2383 1078 2447 siout
1101 2383 1220 2446 nullam
1240 2381 1394 2466 probatur

244 2486 381 2569 recipere
404 2504 596 2566 mensuram,
619 2487 663 2551 ita
685 2487 805 2552 nullam
826 2488 922 2552 sentit
937 2505 1114 2571 expensam.
1150 2487 1277 2551 aduerte
1294 2487 1392 2552 deum

192 2617 218 2656 ιι
245 2609 283 2654 ex
305 2609 434 2674 operum
457 2591 619 2676 dignitate.
656 2592 789 2675 apostoli
812 2593 896 2675 pleni
920 2592 1031 2676 spiritu
1054 2595 1163 2658 saneto
1185 2610 1391 2676 peromnem

245 2694 397 2758 mundum
427 2695 537 2760 salutis
567 2696 730 2761 thesauros
760 2697 917 2780 erogaturi
947 2696 1081 2761 caeleste
1112 2697 1170 2760 hoo
1206 2715 1323 2760 munus
1360 2697 1392 2760 in

246 2817 279 2861 se
302 2799 536 2881 circumierunt,
564 2801 597 2864 in
621 2800 698 2864 alios
721 2801 866 2884 inpositis
890 2801 1035 2866 manibus
1058 2801 1261 2865 transferunt.
1309 2801 1393 2865 aoei-

245 2903 360 2987 pientis
382 2904 504 2968 luorum
527 2905 594 2969 sine
617 2906 732 2970 damno
755 2907 858 2990 agitur
880 2907 1053 2990 largientis,
1077 2905 1276 2970 credentibus
1303 2909 1392 2970 totus

245 3007 378 3072 traditur
408 3011 440 3072 et
466 3012 551 3073 totus
574 3027 593 3073 a
615 3009 810 3074 tradentibus
834 3009 1020 3093 possidetur,
1052 3010 1207 3075 infusione
1230 3010 1296 3073 eius
1320 3011 1394 3074 uni-

193 3138 220 3178 re
247 3130 357 3176 uersus
374 3113 456 3178 orbis
471 3114 630 3197 impletur,
654 3115 723 3179 sine
739 3115 952 3179 attenuatione
967 3115 1128 3196 dilatatur,
1151 3100 1219 3179 sine
1233 3113 1393 3179 diuisione

246 3216 443 3302 dispergitur.

350 3381 377 3452 1]
397 3381 456 3437 ιιι.
471 3386 494 3448 ι,
507 3385 531 3440 a.
585 3382 614 3453 5]
632 3382 768 3454 notae

290 3524 302 3576 l
324 3520 560 3579 determinandae
629 3525 646 3578 2
664 3523 774 3593 spiritus
793 3523 878 3577 saneti
897 3523 1107 3593 superuenientis
1126 3524 1154 3579 P
1220 3525 1237 3579 3
1255 3524 1332 3577 omni
1351 3523 1393 3578 iu-

247 3606 312 3662 daea
334 3611 361 3662 et
379 3609 494 3662 samaria
510 3610 539 3664 P
606 3610 751 3679 dspiritua
770 3614 878 3666 sanatus
897 3626 975 3679 super
993 3626 1071 3666 aoso
1141 3609 1317 3680 ddispertite
1338 3611 1397 3666 PV

246 3695 480 3766 quasi1tanquam
500 3697 527 3750 P
585 3700 699 3767 isuper
716 3699 743 3752 P
802 3696 990 3766 8linguarum
1007 3696 1240 3753 benedictioneso
1292 3697 1394 3753 aeru-

247 3785 368 3837 oerentur
385 3784 414 3838 P
483 3783 613 3852 loquio
683 3783 773 3854 supra]
793 3784 855 3841 ino
926 3787 957 3841 11
977 3784 1144 3854 intelligatur
1161 3785 1188 3840 V
1253 3783 1347 3854 plures
1367 3787 1397 3840 P

840 3865 843 3872 ⁴
1200 3863 1213 3889 fl

247 3896 293 3950 ιιι
311 3915 362 3954 ιι.
381 3897 409 3951 Ρ
470 3899 503 3955 ra
521 3897 664 3952 manasse
682 3898 710 3953 Ρ
760 3898 845 4000 ptus]
865 3897 912 3951 ιιι
930 3899 993 3954 ιιι.
1013 3900 1040 3954 P
1093 3900 1126 3954 rr
1144 3863 1323 3966 asnede(
1387 3942 1393 3954 .

246 3991 318 4064 mou.
333 4011 392 4078 alt.)
437 4013 478 4067 ·15
495 4010 634 4080 impertiat
650 4010 677 4064 P
729 4027 791 4064 suae
807 4011 834 4066 V
884 4014 917 4067 16
936 4012 991 4081 ipse
1010 4029 1096 4067 orreo
1148 4010 1398 4066 nihilhominusV

249 4100 280 4153 17
294 4101 422 4201 qrprntum
434 4097 518 4151 libeat
532 4099 558 4152 V
609 4099 642 4153 18
654 4095 801 4154 nullumV
853 4101 884 4154 19
898 4099 1008 4153 sensito
1056 4100 1088 4153 21
1103 4097 1396 4152 thesaurossnlutisP

247 4216 372 4279 erogatur
398 4211 422 4265 V
442 4211 473 4276 (n
494 4229 566 4265 mou.
590 4211 649 4278 alt.)
724 4213 757 4266 22
780 4211 964 4265 oirounlemnt
986 4212 1014 4265 P
1086 4210 1209 4265 manibus
1233 4211 1358 4280 inpositis
1377 4231 1394 4267 o

247 4298 355 4366 inpositi
378 4298 406 4351 P
484 4296 675 4366 accipientibus
697 4317 713 4352 o
792 4298 953 4354 231urrum
976 4316 1026 4354 om.
1049 4317 1066 4354 o
1145 4298 1245 4367 agitur]
1270 4299 1354 4352 datur
1377 4317 1393 4354 o

247 4387 281 4439 25
301 4384 448 4437 attentione
465 4403 481 4440 o
