3100 4892
269 378 310 442 78
733 380 754 433 l.
773 380 818 433 De
837 379 947 448 gratia
1013 368 1016 373 ¹

312 553 399 634 Quod
423 554 449 618 si
471 554 510 618 ad
532 555 618 619 illam
642 556 800 620 exterioris
822 555 958 619 heminis
982 556 1117 638 speeiem
1140 556 1264 619 formati
1288 574 1405 637 sumus,

267 659 299 722 in
319 659 406 722 euius
427 658 578 723 membris
598 659 694 739 uisus,
715 660 849 739 audituS,
870 663 992 742 gustus,
1012 659 1157 724 odoratus
1178 662 1210 723 et
1230 663 1334 723 taetus
1350 662 1405 739 est,
1521 688 1522 691 ¹

267 762 340 845 quid
364 764 422 827 erit
442 763 568 827 honeris
591 766 645 827 aut
666 764 799 847 gratiae,
827 764 852 827 si
879 763 916 826 de
942 763 997 827 illa
1018 764 1239 847 partieipemus
1261 763 1405 846 imagine,

267 884 360 948 quam
390 866 480 931 nobis
511 871 663 950 exparte
692 867 831 931 maxima
860 884 1059 931 communem
1089 868 1204 932 seimus
1235 886 1304 932 esse
1335 885 1404 931 eum

226 998 239 1037 s
264 971 392 1051 peeude.
434 972 539 1055 grauis
563 990 635 1055 erge
658 990 765 1036 eorum
790 990 873 1036 error
897 974 954 1052 est,
976 972 1031 1053 qui
1054 972 1245 1038 arbitrantur
1267 971 1403 1055 primum

265 1075 425 1139 huminem
447 1077 534 1140 iuxta
555 1076 660 1157 illurn,
685 1076 737 1158 qni
760 1080 825 1140 erat
849 1076 1021 1140 sumendus
1045 1096 1080 1139 er
1103 1076 1219 1156 Maria,
1244 1076 1282 1140 ab
1305 1077 1404 1140 insar-

263 1197 358 1262 porea
392 1180 532 1244 trinitate
567 1180 770 1262 conpositum.
832 1198 933 1262 neque
966 1180 1049 1244 enim
1078 1184 1167 1263 pater
1197 1180 1248 1243 uel
1279 1180 1402 1262 spiritus

264 1288 393 1348 sanetus
415 1288 503 1349 ueste
526 1286 627 1349 earnis
650 1288 682 1349 el
704 1284 815 1349 babitu
839 1288 906 1350 erat
927 1285 1063 1350 huminis
1090 1285 1279 1365 induendus,
1306 1289 1344 1349 ut
1366 1284 1403 1348 ad

264 1388 329 1451 eius
357 1389 445 1471 quasi
472 1390 512 1453 ad
537 1390 683 1473 imaginis
711 1408 786 1453 suae
814 1390 950 1472 speciem
978 1408 1015 1453 ae
1042 1390 1196 1454 facturam
1225 1390 1320 1472 primi
1348 1390 1403 1453 he·

212 1520 236 1557 10
264 1492 356 1556 minis
376 1493 568 1557 lineamenta
592 1495 770 1576 disponeret
797 1512 832 1558 aa
860 1492 1003 1558 membra
1029 1493 1209 1574 plasmaret,
1237 1498 1272 1557 ut
1298 1497 1404 1576 posset

264 1596 379 1659 dicere:
403 1597 554 1661 faciamus
569 1598 731 1662 huminem
746 1598 786 1661 ad
800 1598 970 1682 imaginem
990 1602 1021 1661 et
1042 1596 1287 1677 similitudinem,
1308 1616 1401 1679 quarn

263 1701 419 1781 sumpturi
442 1720 551 1765 sumus
575 1722 611 1765 er
633 1702 692 1766 hae
714 1702 844 1785 uirgine.
890 1702 1018 1784 ideoque
1049 1721 1085 1765 er
1108 1702 1233 1766 deitatis
1257 1702 1402 1766 similitu-

262 1804 333 1867 dine
356 1804 526 1886 deriuatur,
550 1805 701 1888 quidquid
726 1794 857 1870 bemini'
870 1808 993 1871 trinitas
1016 1807 1048 1869 in
1071 1823 1237 1870 commune
1259 1805 1399 1889 largitur.

262 1927 320 1971 nee
349 1911 394 1973 sie
423 1910 549 1992 quidem
579 1910 699 1993 primus
729 1911 823 1975 home
853 1911 982 1975 secundi
1004 1909 1092 1974 Adae
1122 1911 1297 1993 suscepisse
1323 1912 1402 1974 ima·

210 2042 235 2080 11
261 2012 368 2095 ginem
391 2014 450 2078 diei
472 2018 588 2095 posset,
612 2016 706 2078 etiam
729 2016 756 2079 si
779 2014 861 2079 filius
884 2015 933 2078 dei
957 2015 1041 2079 selus
1064 2014 1224 2079 bominem
1248 2014 1400 2078 candidis-

262 2121 319 2181 set.
358 2136 430 2182 eum
453 2136 528 2182 uere
550 2120 639 2183 unita
661 2118 783 2183 trinitas
807 2119 903 2183 dieat:
934 2119 1117 2182 faciamus
1144 2119 1329 2183 hominem
1357 2118 1398 2181 ad

260 2221 463 2305 imaginem
492 2227 528 2287 et
558 2222 850 2287 similitudinem
882 2226 1062 2301 nestram,
1096 2222 1210 2305 plurali
1242 2222 1399 2305 singulare

262 2328 294 2389 et
317 2326 470 2409 singulari
491 2328 611 2409 plurale
633 2328 837 2409 permiscens,
861 2328 1034 2391 etiterum:
1058 2330 1094 2391 et
1115 2326 1206 2391 feeit
1229 2327 1317 2390 deus
1340 2326 1399 2391 bo-

262 2430 398 2494 minem
420 2431 464 2494 ad
486 2432 688 2515 imaginem
711 2434 747 2494 et
769 2431 1060 2495 similitudinem
1091 2448 1209 2511 suam,
1239 2430 1283 2494 ad
1312 2431 1399 2494 ima-

210 2561 236 2601 re
261 2534 385 2616 ginem
408 2535 466 2598 dei
489 2534 580 2599 feeit
603 2535 725 2616 illurn,
748 2536 863 2598 totiens
886 2536 965 2619 legis
988 2535 1148 2599 bominem
1172 2535 1212 2599 ad
1229 2536 1397 2619 imaginem

261 2632 309 2700 ddi
336 2638 497 2702 eonditum
527 2643 559 2703 et
588 2656 651 2720 qua
682 2639 866 2703 auctoritate
896 2642 1004 2704 eontra
1034 2640 1138 2703 diuina
1161 2640 1284 2721 eloquia
1309 2658 1398 2722 prae-

260 2743 358 2805 sumis
389 2760 527 2806 asserere
557 2743 643 2807 iuxta
673 2745 756 2807 serui
786 2743 919 2807 formam
948 2743 1044 2807 fuisse
1072 2744 1288 2827 conpositum?
1326 2762 1396 2807 eum

260 2864 333 2929 erge
360 2834 477 2931 image'
490 2848 568 2911 haee
591 2866 610 2911 a
632 2851 720 2930 patre
743 2851 774 2911 et
796 2846 860 2911 filie
884 2850 915 2911 et
937 2851 1046 2912 sanate
1073 2848 1182 2929 spiritu
1209 2848 1396 2927 conferatur,

259 2969 334 3015 suae
356 2949 475 3033 absque
498 2951 591 3017 dubis
614 2953 709 3016 trium
731 2970 935 3034 personarum
958 2970 1021 3016 una
1043 2951 1192 3017 diuinitas
1219 2952 1320 3035 prime
1343 2952 1396 3015 ha-

206 3084 233 3123 11
260 3056 338 3119 mini
361 3074 436 3120 snae
459 3056 604 3140 imaginis
628 3056 737 3121 tribuit
759 3057 952 3141 dignitatem.

302 3158 388 3240 Quae
410 3178 483 3224 aum
508 3161 554 3224 ita
580 3161 652 3242 sint,
683 3161 786 3225 inesse
814 3161 931 3225 homini
957 3162 1031 3226 lieet
1059 3161 1260 3226 adtenuatam
1287 3162 1396 3226 uolun-

258 3264 333 3327 tatis
353 3265 494 3347 propriae
513 3265 690 3330 libertatern
712 3266 842 3329 minime
866 3264 1031 3345 dubitabis,
1055 3266 1080 3329 si
1100 3266 1235 3348 primam
1250 3266 1394 3349 gratiam,

257 3386 321 3449 qua
349 3386 369 3432 a
398 3368 454 3432 dee
485 3373 534 3433 est
562 3369 742 3449 honoratus,
772 3370 952 3452 inspexeris.
991 3371 1096 3453 image
1127 3387 1200 3452 erge
1230 3370 1279 3433 dei
1302 3370 1394 3433 bema

257 3473 379 3552 dieitur,
403 3474 476 3555 quia
498 3475 526 3538 ei
548 3473 746 3557 indulgenter
768 3492 805 3537 ae
829 3474 994 3556 dignanter
1017 3475 1149 3538 inseruit
1171 3475 1288 3537 ueritas
1308 3475 1394 3537 iusti-

205 3605 231 3644 11
256 3578 349 3659 tiam,
379 3577 458 3642 ratio
489 3578 691 3660 sapientiam,
720 3579 901 3660 perennitas
932 3579 1157 3642 aeternitatem.
1196 3579 1233 3641 de
1260 3577 1394 3661 imagine

360 3775 406 3844 16]
425 3774 490 3829 Gen.
510 3778 534 3839 1,
546 3778 589 3831 26.
648 3775 692 3844 18]
712 3774 777 3831 Gen.
798 3778 822 3841 l,
835 3778 876 3831 27.

298 3952 433 4017 lnequae
446 3951 474 4004 P
524 3949 593 4005 9ad
611 3967 692 4004 eme
746 3954 779 4006 10
796 3949 953 4003 liniamenta
966 3952 993 4005 P
1044 3954 1132 4019 posset
1148 3953 1256 4021 scripsi,
1273 3950 1394 4023 possitP

257 4038 289 4091 12
307 4036 356 4089 bae
369 4039 481 4103 correxi,
499 4036 549 4089 boe
561 4038 595 4103 P,
614 4054 664 4092 om.
678 4056 695 4091 υ
740 4037 867 4104 ideoquae
880 4039 908 4091 P
955 4040 987 4093 13
1006 4038 1174 4092 diriuaturP
1221 4042 1253 4095 15
1272 4037 1394 4109 possitP

256 4127 289 4179 19
306 4123 452 4192 imaginem
470 4127 497 4176 et
515 4142 566 4179 om.
584 4142 602 4178 v
653 4125 792 4192 21an
842 4126 875 4180 22
893 4126 1059 4195 assellrereP
1107 4127 1141 4181 23
1160 4126 1255 4195 spiritu
1275 4130 1392 4181 sanctae

254 4239 288 4292 24
306 4253 368 4290 suae
391 4254 471 4292 eme
523 4237 638 4304 absquae
661 4238 688 4290 P
738 4240 771 4293 27
796 4238 923 4291 minimae
941 4239 969 4294 P
1019 4241 1053 4295 28
1076 4240 1138 4306 quia
1160 4240 1188 4293 P
1239 4204 1392 4295 heratusP

253 4323 333 4377 horno
351 4342 437 4380 ome
