3100 4892
246 454 309 518 114
626 453 663 508 11.
683 452 727 506 Dc
745 451 867 520 spiritu
886 453 999 504 sancto

244 633 277 694 in
309 628 407 695 tribus
439 629 545 714 digitis
580 629 739 711 potentiae
773 629 864 692 unius
900 627 1121 709 aequalitatem
1156 624 1214 688 sub
1248 623 1383 706 quadam

246 734 387 819 mysterii
400 735 491 798 lance
506 733 656 797 librauit?
680 751 763 817 erge,
785 736 820 796 ut
835 731 952 797 dictum
969 733 1026 811 est,
1047 748 1119 794 cum
1135 729 1199 793 iam
1214 729 1384 792 instructus

246 840 287 903 sis
311 840 348 903 de
372 838 522 903 societate
545 837 657 921 operis,
684 855 746 901 non
770 836 892 900 dubites
916 836 954 900 de
981 835 1140 919 parilitate
1162 833 1298 898 uirtutis
1341 832 1385 896 di-

245 943 342 1008 cendo
373 960 461 1027 ergo:
492 943 561 1024 quis
592 942 740 1025 appendit
769 941 870 1006 tribus
902 940 1008 1024 digitis
1038 939 1155 1004 melem
1185 941 1300 1017 terrae,
1335 935 1385 1000 hic

205 1077 217 1116 s
247 1047 424 1131 specialiter
446 1047 531 1128 loqui
553 1046 652 1110 uoluit
673 1046 711 1110 de
735 1044 949 1128 cooperatione
971 1043 1129 1128 potentiae
1152 1042 1244 1107 etde
1267 1041 1385 1116 unitate

246 1150 450 1231 substantiae,
484 1167 563 1232 quae
593 1167 656 1214 una
690 1149 861 1231 eademque
893 1167 962 1214 esse
992 1149 1024 1212 in
1058 1147 1158 1212 tribus
1194 1145 1299 1230 digitis
1334 1143 1386 1208 ad-

245 1254 403 1338 probatur.

289 1358 349 1424 Sed
372 1358 574 1424 nihilominus
597 1359 630 1422 in
652 1358 746 1422 Esaia
767 1357 919 1441 propheta
948 1375 1115 1439 personam
1142 1355 1300 1439 propriam
1324 1354 1385 1437 spi-

197 1476 201 1482 ’
245 1463 325 1528 ritus
349 1463 450 1527 sancti
472 1462 530 1527 sub
555 1463 751 1527 distinctione
775 1461 922 1526 trinitatis
946 1460 1083 1541 aduerte,
1107 1458 1162 1524 ubi
1184 1459 1267 1523 lilius
1290 1458 1329 1522 de
1352 1477 1384 1522 se

196 1594 221 1633 1⁰
247 1568 368 1632 dicens:
400 1585 466 1651 ege
487 1567 628 1650 primus
652 1570 688 1630 et
710 1583 775 1650 ege
803 1565 1048 1646 nouissimus,
1079 1567 1306 1645 consequenter
1333 1562 1385 1625 ad-

248 1672 332 1736 iecit:
361 1675 397 1735 et
418 1689 516 1735 nunc
539 1670 709 1735 deminus
733 1670 838 1734 misit
860 1688 915 1733 me
938 1672 975 1732 et
997 1669 1155 1752 spiritus
1179 1668 1269 1732 eius.
1308 1667 1385 1730 alter

247 1794 321 1860 crgo
343 1775 375 1839 in
397 1793 530 1858 persona
554 1779 602 1839 est
624 1775 700 1838 deus
722 1777 821 1857 pater,
850 1774 930 1837 alter
958 1772 1086 1855 spiritus
1110 1772 1159 1836 dei
1180 1771 1289 1855 petris.
1327 1771 1386 1834 ita·

247 1898 307 1962 que
331 1880 405 1943 dum
428 1883 557 1963 epatre
580 1883 612 1943 et
635 1879 746 1962 spiritu
769 1881 878 1942 sancte
902 1877 1050 1942 destinari
1072 1876 1156 1941 fflius
1178 1876 1303 1961 legitur,
1328 1873 1384 1939 sub

247 1985 342 2048 trium
373 1985 498 2049 nemine
527 2001 730 2066 personarum
763 1983 907 2065 spiritum
942 1984 1085 2046 sanctum
1119 1982 1151 2045 in
1187 1984 1287 2045 semet
1320 1980 1386 2062 ipse

197 2114 222 2153 15
249 2089 420 2153 subsistere
451 2088 610 2153 euidenter
640 2089 792 2171 aperitur,
824 2087 905 2151 sicut
935 2087 994 2150 elic
1025 2087 1092 2150 lcec
1124 2086 1208 2150 idem
1237 2085 1390 2169 propheta

248 2194 396 2258 trinitatis
419 2193 584 2277 distinguit
606 2194 789 2257 essentiam:
822 2209 905 2257 eece
928 2210 1018 2274 puer
1041 2210 1159 2272 meus,
1183 2190 1389 2274 suscipiam

248 2317 345 2379 eum,
379 2299 542 2362 dilectus
577 2316 694 2377 meus,
733 2297 952 2379 conplacuit
989 2295 1062 2362 sibi
1095 2295 1133 2360 in
1166 2295 1233 2360 illc
1267 2297 1390 2359 anima

249 2420 343 2482 mea,
376 2402 460 2465 dedi
489 2401 665 2485 spiritum
696 2419 815 2464 meunr
847 2418 1071 2482 supereum.
1110 2402 1199 2482 pater
1221 2399 1322 2463 filiurn
1345 2398 1391 2462 di-

248 2507 366 2571 lectum
388 2525 520 2588 puerum
544 2524 636 2570 suurn
659 2509 760 2586 necat,
785 2524 877 2588 super
899 2523 993 2587 quem
1016 2504 1101 2568 dedit
1122 2505 1265 2587 spiritum
1286 2522 1390 2585 suum,

199 2636 225 2676 ac
252 2611 289 2674 de
306 2628 366 2692 quc
382 2610 471 2675 Iesus
488 2610 629 2674 Christus
648 2609 773 2692 propria
795 2627 870 2673 uoce
894 2611 1041 2673 testatur:
1066 2608 1226 2691 spiritus
1250 2608 1391 2672 demini

251 2733 361 2798 super
385 2733 449 2778 me.
484 2715 618 2779 utillud
641 2718 746 2778 autem
770 2714 986 2796 euangelicum
1009 2713 1103 2777 etiam
1126 2711 1272 2796 gentibus
1292 2712 1392 2795 pessit

252 2837 322 2883 esse
345 2819 563 2884 manifestum:
595 2819 662 2899 ite,
692 2819 804 2900 inquit,
834 2817 1026 2901 baptizate
1050 2835 1176 2882 omnes
1199 2821 1333 2901 gentes
1356 2819 1392 2882 in

251 2924 397 2989 nemine
419 2924 539 3004 patris
563 2927 598 2987 et
619 2922 694 2987 filii
717 2926 752 2987 et
774 2922 931 3005 spiritus
955 2922 1092 3002 saneti,
1123 2922 1177 2987 ubi
1204 2921 1261 2986 sub
1291 2921 1392 2986 tribus

251 3027 391 3111 personis
414 3046 512 3091 unum
535 3045 613 3110 epus
636 3030 668 3091 et
690 3015 789 3090 unurn
812 3045 926 3091 nemen
954 3027 1120 3090 indiuisam
1152 3025 1265 3090 asserit
1294 3027 1394 3091 maie-

199 3157 225 3196 11
253 3134 376 3196 statem.
414 3131 577 3212 habemus,
609 3135 645 3195 ut
675 3132 863 3196 dictumest
885 3130 1210 3194 secundumLucem:
1242 3132 1277 3194 et
1307 3129 1394 3194 Iesu

252 3237 445 3320 baptizate
477 3239 647 3320 apertum
681 3238 737 3299 est
771 3236 984 3316 caelumet
1017 3234 1212 3300 descendit
1234 3235 1393 3316 spiritns

252 3345 405 3406 sanctus
444 3341 629 3424 corporali
668 3340 793 3423 specie
829 3340 928 3404 sicut
964 3339 1135 3404 columba
1172 3341 1208 3403 et
1242 3356 1311 3402 nen
1350 3338 1393 3402 de

357 3557 401 3625 10]
419 3555 597 3621 1111141112.
636 3555 678 3625 11]
697 3555 822 3624 11111148,
837 3558 876 3611 16.
915 3554 958 3624 16]
972 3554 1096 3623 1111142,
1112 3558 1134 3612 1.
1171 3554 1216 3624 20]
1234 3553 1297 3609 Luc.
1310 3557 1336 3620 4,
1352 3557 1393 3611 18.

252 3643 299 3712 22]
317 3642 414 3697 Matth.
427 3645 469 3707 28,
484 3646 524 3699 19.
577 3643 623 3710 25]
642 3641 705 3696 Luc.
719 3645 743 3707 3,
756 3645 797 3698 21.

298 3851 445 3905 2111111111
464 3852 491 3905 P
552 3851 717 3907 5ucluntu
778 3849 905 3906 deadem
928 3853 954 3906 V
1004 3849 1166 3921 approbatur
1183 3851 1211 3905 P
1263 3807 1395 3907 811111110-

253 3938 343 3991 minus
360 3938 388 3991 P
449 3938 547 4005 esaiam
564 3938 724 4006 prophetant
740 3938 766 3991 V
825 3938 955 4007 propheta
972 3956 1023 3995 cm.
1037 3939 1065 3992 P
1124 3937 1217 4006 aubi]
1236 3937 1306 3990 enim
1325 3939 1392 4018 cdd.

253 4052 308 4106 Pte
359 4049 442 4120 finus]
462 4049 575 4104 asseruit
592 4051 656 4104 acu.
671 4052 725 4106 Pa
785 4053 815 4107 12
835 4051 866 4104 ur
882 4053 913 4120 V,
932 4051 1055 4105 dominus
1075 4051 1102 4104 P
1162 4052 1195 4105 re
1214 4019 1397 4106 destinarit

253 4138 278 4205 (i
296 4139 441 4205 mauult.)
505 4140 535 4193 14
555 4138 674 4207 nomine]
694 4142 807 4192 nonest
826 4141 853 4192 P
904 4138 1012 4208 spiritus
1031 4142 1138 4191 sanctus
1156 4137 1218 4192 inv
1280 4140 1312 4193 15
1330 4154 1394 4207 pro-

253 4225 345 4295 pheta]
364 4224 456 4294 propri
473 4240 535 4280 mc
601 4227 631 4280 17
651 4225 750 4278 electus
768 4226 797 4280 P
866 4224 1026 4294 complacuit
1044 4226 1071 4278 P
1141 4227 1173 4280 18
1191 4223 1277 4278 filium
1295 4243 1347 4281 cut.
1367 4226 1397 4280 P

253 4314 285 4366 21
306 4313 404 4368 uicus.
423 4313 453 4380 V,
472 4313 582 4366 etutP
632 4315 720 4365 11111111
734 4311 917 4381 euangelicum
931 4313 1023 4368 om.P
1073 4313 1107 4366 22
1120 4310 1254 4378 inquidP
1304 4315 1339 4367 25
1353 4329 1394 4366 sc·

255 4398 369 4454 cundum
389 4400 416 4452 P
466 4402 500 4454 27
519 4399 620 4468 speciae
643 4401 668 4452 V
