3100 4892
281 431 345 494 274
718 433 784 488 IIII.
802 433 911 486 Sermo
931 435 970 489 13.

281 609 375 672 armis
391 608 582 690 spiritalibus
598 609 816 688 instruentem,
837 609 920 672 bella
934 611 1170 687 monstrantem,
1193 609 1334 689 praemia
1346 609 1412 690 pol·

280 712 435 776 licentem.
483 713 535 794 qui
562 729 632 775 cunr
662 713 790 776 dixisset
817 712 976 794 discipulis
1003 713 1082 775 suis:
1116 713 1153 776 in
1182 712 1251 775 hoc
1280 713 1411 776 mundo

279 835 491 899 pressuram
514 815 719 896 habebitis,
742 835 824 896 mox,
847 817 929 880 undo
951 835 1003 881 cor
1025 817 1170 880 territum
1192 817 1411 894 consolaretur,

280 921 419 984 adiunxit
445 921 564 984 absens:
595 920 659 984 scd
687 920 884 1000 confidite,
914 921 998 1002 quia
1029 939 1094 1004 ego
1124 921 1199 984 uici
1229 920 1410 983 mundum.

240 1049 253 1088 a
280 1024 353 1106 quid
377 1042 449 1108 ergo
473 1025 632 1104 miramur,
655 1025 818 1103 carissimi,
841 1025 867 1087 si
884 1025 917 1088 in
937 1025 991 1088 illo
1007 1025 1083 1087 uicit
1103 1024 1298 1104 Uincentius,
1321 1041 1412 1105 aquo

280 1127 380 1192 uictus
403 1131 451 1192 est
472 1129 628 1191 mundus?
669 1129 708 1192 in
729 1128 809 1207 hoc,
833 1128 941 1210 inquit,
964 1127 1096 1191 mundo
1118 1145 1332 1209 pressuram
1354 1127 1412 1190 ha·

278 1229 431 1312 bcbitis‚
461 1236 506 1312 ut,
537 1231 564 1294 si
593 1233 717 1315 premit,
747 1250 810 1296 non
837 1231 993 1314 obprimat
1021 1235 1062 1311 et,
1093 1232 1119 1294 si
1149 1229 1322 1315 obpugnat,
1352 1248 1411 1294 non

279 1338 443 1419 expugnet.

321 1440 486 1521 Duplicem
521 1441 654 1504 mundus
689 1440 789 1504 aciem
821 1440 964 1522 producit
997 1445 1105 1504 contra
1137 1440 1253 1504 milites
1287 1439 1412 1504 Christi.

227 1571 252 1608 ιο
278 1542 440 1622 aduertite,
461 1543 583 1607 fratres.
615 1543 780 1625 duplicem,
797 1544 868 1624 diri,
884 1545 984 1607 aciem
999 1543 1134 1607 mundus
1150 1543 1293 1626 producit
1307 1547 1413 1606 contra

279 1647 394 1710 milites
410 1647 533 1712 Christi.
569 1648 727 1712 blanditur
750 1649 844 1728 enim,
867 1651 903 1712 ut
925 1648 1068 1730 decipiat,
1092 1651 1196 1728 terret,
1220 1650 1256 1711 ut
1278 1649 1410 1730 frangat.

279 1769 339 1815 non
354 1770 409 1814 nos
423 1755 529 1816 teneat
541 1754 685 1836 uoluptas
698 1753 832 1836 propria,
847 1772 907 1817 non
924 1771 979 1817 nos
993 1756 1109 1816 terreat
1121 1753 1289 1817 crudelitas
1303 1753 1409 1816 aliena.

278 1859 310 1919 et
329 1855 401 1937 quia
416 1856 454 1919 ad
477 1859 625 1938 utrosque
642 1858 744 1921 aditus
767 1858 899 1921 occurrit
915 1857 1066 1936 Christus,
1090 1858 1191 1920 uictus
1207 1860 1255 1920 est
1278 1857 1410 1919 mundus

278 1963 309 2024 et
335 1977 396 2023 non
424 1959 559 2024 uincitur
582 1960 788 2024 Christianus
834 1962 859 2023 si
887 1961 1097 2024 consideretur
1124 1961 1154 2024 in
1182 1961 1243 2024 ista
1269 1961 1410 2041 passione

226 2087 250 2127 ιι
277 2063 415 2128 humana
441 2065 605 2146 patientia,
632 2065 740 2146 incipit
770 2084 838 2128 esse
865 2065 1065 2143 incredibilis,
1096 2065 1123 2127 si
1150 2067 1339 2147 agnoscatur
1367 2063 1410 2126 di·

276 2168 350 2231 uina
372 2169 521 2249 potentia,
546 2169 659 2232 desinit
681 2188 749 2232 esse
773 2167 932 2232 mirabilis.
978 2171 1067 2231 tanta
1088 2166 1291 2250 grassabatur
1306 2167 1410 2230 crude

275 2272 347 2335 litas
370 2271 402 2334 in
426 2272 570 2353 martyris
594 2290 719 2354 corpore
743 2275 774 2336 et
801 2276 890 2335 tanta
911 2272 1122 2354 tranquillitas
1144 2271 1408 2353 proferebaturin

276 2393 362 2454 uoce,
384 2379 472 2438 tanta
493 2393 663 2458 poenarum
687 2377 838 2458 asperitas
863 2374 1022 2439 saeuiebat
1043 2376 1077 2438 in
1099 2373 1249 2438 membris
1273 2378 1304 2437 et
1325 2378 1409 2437 tanta

276 2479 426 2542 securitas
450 2477 581 2542 sonabat
602 2480 635 2543 in
658 2479 772 2559 ueritis,
796 2483 831 2543 ut
854 2479 932 2542 miro
956 2479 1047 2543 modo
1069 2482 1231 2561 putaretur
1246 2478 1405 2542 Uincentio

224 2608 250 2646 eo
275 2583 413 2664 patiente
436 2583 532 2646 alium
555 2587 608 2646 aut
630 2587 711 2647 certe
734 2585 831 2648 alium
854 2585 998 2664 loquente
1022 2582 1183 2647 Uincentio
1205 2582 1350 2664 torqueri,

319 2685 359 2748 Et
385 2703 468 2765 uere,
496 2686 606 2750 fratres
630 2687 792 2766 carissimi,
819 2687 865 2750 ita
887 2690 963 2766 erat,
990 2704 1116 2768 prorsus
1144 2687 1189 2750 ita
1211 2689 1286 2749 crat.
1330 2685 1402 2748 alius

275 2788 469 2870 loquebatur.
514 2791 658 2873 promisit
681 2792 763 2854 enim
787 2795 819 2855 et
841 2792 899 2854 hcc
920 2791 1054 2855 testibus
1077 2791 1142 2854 suis
1165 2788 1318 2855 Christus.
1361 2789 1402 2851 sic

276 2895 359 2956 eninr
383 2894 414 2957 in
437 2894 598 2977 euangelio
620 2896 741 2959 locutus
766 2898 813 2957 est
835 2895 909 2973 suis,
934 2913 1011 2977 quos
1026 2895 1066 2958 ad
1088 2894 1180 2958 huius
1203 2894 1288 2958 modi
1310 2895 1402 2956 certa-

276 2995 1401 3080 minapraeparahat:nolitepraemeditari,quomodoaut<quid)

223 3126 249 3165 a
276 3101 491 3181 loquamini.
537 3119 606 3166 non
642 3103 738 3166 enim
771 3120 836 3166 uos
871 3103 977 3182 estiS,
1008 3101 1070 3184 qui
1103 3102 1316 3183 loquimini,
1344 3098 1399 3162 scd

377 3297 405 3366 2]
426 3298 517 3352 Ioann.
532 3301 572 3362 16,
585 3301 625 3355 38.
687 3299 732 3369 24]
752 3299 848 3353 Matth.
863 3302 903 3364 10,
917 3302 957 3356 19.

320 3473 333 3525 l
361 3470 566 3540 monstrantem]
595 3472 727 3525 adiutoria
754 3473 952 3527 ministrantem
979 3473 1044 3528 add.
1065 3474 1136 3544 Aup.
1208 3473 1266 3529 3
1247 3489 1352 3543 psaram
1372 3469 1400 3524 D

275 3573 320 3609 cor
342 3562 361 3611 t.
380 3557 415 3626 c]
442 3557 528 3611 territi
556 3557 721 3612 consulerent
709 3562 753 3612 tur
779 3562 850 3630 Aup.
922 3563 939 3614 4
966 3559 1103 3614 adiuncxit
1123 3561 1153 3614 D
1223 3559 1348 3614 confidete
1371 3557 1400 3612 D

292 3668 346 3722 uici
365 3671 393 3723 D
446 3669 632 3738 5uingentius
651 3671 680 3725 D
741 3673 870 3740 (linquid
888 3675 917 3727 D
969 3689 1050 3742 psura
1067 3674 1097 3728 D
1153 3676 1219 3727 rut
1236 3675 1314 3743 Aap,
1331 3673 1356 3723 et
1370 3669 1398 3723 D

275 3754 386 3823 cbprnat
399 3757 427 3810 D
480 3759 512 3811 12
525 3756 618 3810 uolunt
607 3760 647 3810 tas
659 3758 741 3826 pbria
759 3761 788 3814 D
842 3762 874 3815 13
886 3763 914 3814 et
925 3760 987 3828 quia
998 3759 1032 3812 ad
1044 3763 1171 3827 utrosque.
1188 3759 1276 3814 aditus
1294 3755 1397 3811 occurrit

276 3841 366 3895 Christ
355 3845 405 3906 tue,
424 3843 479 3895 uict
480 3859 510 3896 us
529 3846 569 3896 est
558 3843 702 3897 trnundus
720 3848 827 3916 scripsi,
845 3851 872 3900 et
884 3847 946 3914 quia
957 3847 1075 3900 uictus
1057 3865 1071 3899 e
1083 3847 1111 3899 in
1123 3847 1165 3914 (ia
1176 3849 1242 3913 rus.)
1254 3843 1362 3899 mundus
1372 3845 1398 3892 et

276 3929 309 3981 ad
332 3932 457 3996 utrosque
480 3927 565 3982 aditos
588 3930 703 3985 occurrit
725 3931 771 4000 x‘p‘s
795 3933 832 3994 D,
856 3936 883 3986 et
905 3933 992 3986 uictus
1015 3937 1055 3986 est
1076 3933 1200 3988 mundus.
1228 3933 1261 3986 ad
1284 3939 1396 3996 utmsqnc

275 4013 395 4070 auCh.
414 4016 485 4084 Aup.
558 4017 589 4071 16
608 4015 700 4070 disinit
718 4019 747 4072 D
818 4022 848 4074 17
867 4019 1002 4087 martyriis
1021 4021 1050 4074 D
1121 4023 1151 4074 18
1170 4023 1248 4074 tanta
1263 4031 1395 4088 poenarum

274 4104 372 4171 scripsi
385 4103 523 4168 (tantaque
534 4117 559 4170 p.
572 4103 663 4172 Aac),
677 4106 716 4157 tot
728 4121 752 4173 p.
767 4106 797 4159 D
842 4107 965 4175 aspiritas
977 4105 1096 4160 seuiebat
1108 4107 1138 4160 D
1186 4109 1218 4162 19
1230 4105 1359 4174 ningentio
1370 4103 1396 4157 D

275 4191 309 4243 20
330 4189 447 4256 patiente
470 4189 551 4257 Aup,
572 4189 701 4256 patientia
722 4192 752 4245 D
773 4193 815 4259 (in
837 4210 890 4246 rae.
915 4209 996 4262 super
1021 4194 1152 4261 torqueri)
1222 4192 1351 4262 ningentr'o
1368 4189 1396 4243 D

275 4276 307 4329 21
327 4276 365 4328 ita
382 4281 439 4328 erat
457 4277 537 4344 Aup,
555 4274 667 4328 iteratur
684 4277 714 4330 D
765 4295 874 4347 pressus
895 4280 926 4334 D
976 4281 1011 4334 23
1029 4280 1177 4332 certamina
1194 4282 1225 4335 D
1279 4283 1312 4335 24
1329 4279 1394 4348 pm&

277 4358 360 4411 ditare
379 4361 408 4413 D
460 4360 525 4429 qaid
543 4378 592 4416 om.
606 4361 635 4416 D
686 4362 830 4431 loquamini
849 4366 878 4419 D
