3100 4892
269 431 334 496 340
674 431 739 486 1111.
758 432 867 486 Sermo
885 433 996 489 29-30.
1025 339 1033 399 Ι

268 606 391 687 seipso
415 607 520 670 saltim
544 608 621 671 uitia
642 608 861 671 daemoniacae
884 607 1129 692 impugnationis
1152 607 1296 690 expellat
1343 625 1402 671 non

267 713 372 793 potest
384 711 452 792 quis
465 729 572 776 curare
584 711 677 776 aliem
693 711 829 794 corporis
845 711 1001 792 morbum,
1017 714 1105 776 emet
1120 709 1265 775 morbum
1282 711 1401 775 animae

268 831 354 878 susc.
386 832 448 879 non
472 815 630 897 quaeritur
652 816 691 880 ab
714 816 849 896 homine,
873 819 908 880 ut
924 816 1097 880 sanitatum
1119 815 1255 899 gratiam
1278 814 1401 894 tribuat,

268 937 347 1001 quae
370 919 399 982 ei
422 919 494 983 data
516 938 535 984 a
556 920 721 984 diuinitate
743 938 805 986 non
829 920 931 984 fuerit.
978 919 1055 984 nihil
1078 919 1180 984 maius
1201 919 1317 1002 poterit
1339 917 1402 983 effi-

215 1049 228 1088 s
268 1041 347 1103 cere,
371 1041 466 1106 qnam
489 1024 515 1088 si
537 1025 605 1108 ipse
628 1025 667 1088 ad
689 1025 859 1089 sanitatem
882 1025 1038 1108 propriam
1062 1024 1211 1089 meruerit
1231 1023 1400 1106 peruenire.

310 1128 388 1192 Post
418 1127 555 1193 laborem
587 1128 766 1213 uigiliarum
798 1147 860 1194 non
890 1132 1022 1212 oportet,
1053 1133 1088 1193 ut
1115 1147 1171 1194 uos
1194 1128 1312 1192 diutius
1334 1144 1401 1211 pro-

267 1231 356 1297 lixior
378 1250 481 1297 sermo
503 1233 622 1316 fatiget.
667 1237 699 1297 et
725 1233 804 1314 ideo,
836 1233 1021 1315 quicumque
1045 1236 1094 1297 est
1115 1231 1263 1315 spiritalis
1286 1235 1318 1296 et
1338 1230 1402 1314 ple·

268 1335 388 1401 niorem
411 1355 588 1401 sermonem
611 1337 649 1400 de
672 1336 834 1401 diuinitate
858 1337 958 1401 sancti
974 1337 1102 1420 spiritus
1119 1337 1224 1402 audire
1238 1335 1400 1414 desiderat,

268 1439 317 1503 die
340 1441 476 1506 crastina
497 1441 650 1506 maturius
673 1441 712 1506 ad
735 1441 901 1505 ecclesiam
924 1441 1063 1506 sitienter
1086 1459 1122 1504 aa
1140 1440 1272 1504 fideliter
1287 1439 1399 1503 ueniat

217 1571 243 1608 ιο
268 1546 321 1626 qui
351 1545 434 1610 enim
464 1546 572 1611 uenire
603 1545 857 1625 dissimulauerit,
887 1564 949 1610 non
972 1564 1006 1608 se
1029 1565 1097 1609 csse
1120 1545 1294 1628 spiritalem
1317 1561 1401 1627 uper·

267 1649 387 1714 tissime
410 1650 646 1716 demonstrabit.
691 1651 746 1714 sed
767 1645 924 1714 tradimus
948 1649 985 1712 dc
1009 1649 1058 1712 dei
1080 1649 1301 1729 misericordia,
1322 1647 1400 1729 quod

267 1753 338 1836 plus
369 1755 452 1837 apud
480 1773 537 1818 nos
567 1755 670 1838 gratia
699 1753 827 1837 spiritus
854 1753 966 1834 sancti,
997 1771 1091 1836 quam
1114 1753 1274 1835 occupatio
1296 1751 1401 1816 mundi

267 1857 359 1922 istius
389 1858 583 1942 praeualebit
611 1861 791 1942 praestante
817 1859 941 1923 domino
964 1861 1070 1922 nostro
1093 1857 1164 1922 Iesu
1188 1856 1324 1938 Christo,
1353 1855 1399 1920 cui

268 1963 316 2026 est
336 1963 437 2046 gloria
457 1963 491 2028 in
513 1962 639 2027 saecula
661 1964 866 2028 saeculorum.
913 1961 1026 2026 Amen.

785 2189 883 2252 XXX.

578 2349 680 2390 SERMO
702 2350 745 2389 Dr.
768 2347 889 2390 SANOTA
912 2349 1091 2390 'ammaum

311 2484 531 2550 dumosam
554 2502 657 2548 sermo
680 2488 738 2564 est,
768 2483 880 2548 fratres
904 2483 1068 2563 carissimi,
1096 2483 1178 2548 sicut
1199 2483 1290 2547 ualde
1315 2483 1397 2548 noris

270 2592 318 2652 est
346 2588 599 2652 contradictionis
625 2589 766 2668 intentio,
797 2588 841 2652 ita
867 2587 952 2652 utilis
976 2590 1024 2652 cst
1046 2587 1296 2671 interrogationis
1320 2587 1396 2652 solli·

269 2693 382 2756 citudc.
428 2690 471 2755 ibi
500 2691 583 2755 enim
613 2691 651 2754 de
680 2691 888 2756 obstinatione
919 2711 1029 2755 sensus
1057 2689 1243 2773 obstruitur,
1274 2691 1327 2755 hic
1353 2691 1396 2754 in·

217 2821 243 2860 so
270 2797 413 2860 tellectus
436 2797 474 2860 de
495 2795 697 2878 inquisitione
727 2796 873 2875 nutritur,
903 2795 968 2859 illic
998 2796 1161 2879 deprauari
1182 2795 1333 2860 resistens
1353 2795 1396 2858 in·
1506 2811 1507 2830 ³

268 2899 401 2963 fidelitas
424 2899 605 2979 delectatur,
628 2899 677 2962 hic
701 2899 814 2962 erudiri
836 2898 1003 2963 oboediens
1023 2899 1184 2964 humilitas
1198 2902 1394 2981 promeretur.

268 3020 325 3066 uos
347 3020 431 3083 uero,
461 3003 573 3067 fratres
599 3003 761 3083 carissimi,
792 3007 974 3086 praeparate
997 3003 1205 3086 exceptorium
1228 3003 1327 3068 sancti
1346 3020 1396 3084 pe-

268 3107 362 3172 ctoris
378 3107 474 3171 uestri
490 3106 631 3171 influenti
648 3125 745 3189 aquae
759 3107 883 3172 diuinae
899 3111 941 3188 et,
963 3107 1046 3189 quod
1060 3107 1098 3170 de
1114 3109 1260 3190 mysterio
1276 3109 1395 3172 sauctae

268 3210 417 3276 trinitatis
439 3212 491 3275 uel
514 3211 676 3276 diuinitate
698 3211 799 3276 sancti
822 3212 948 3295 spiritus
971 3211 1129 3276 insinuare
1151 3211 1304 3296 cupimus,
1328 3227 1395 3274 curn

215 3340 242 3379 aa
268 3315 393 3379 silentio
409 3319 441 3380 et
456 3315 559 3398 quiete
575 3316 730 3399 suscipite.
766 3318 945 3379 sanctarum
961 3315 1046 3380 enim
1069 3316 1293 3398 scripturarum
1315 3313 1396 3378 testi·
1505 3305 1506 3314 ³

267 3420 381 3484 moniis
401 3419 546 3484 uolumus
566 3420 746 3503 approbare,
769 3420 921 3501 quomodo
941 3420 1067 3504 spiritus
1088 3423 1216 3484 sanctus
1231 3420 1264 3484 in
1282 3417 1394 3484 cunctis

267 3522 438 3588 uirtutibus
459 3524 540 3607 patri
564 3528 596 3588 et
617 3524 680 3589 lilio
702 3525 879 3606 coaequalis
895 3543 963 3588 esse
979 3524 1139 3589 euidenter
1153 3525 1253 3608 possit
1266 3521 1394 3608 agnosci.

310 3627 458 3712 Legimus
473 3627 506 3692 in
521 3629 620 3692 ueteri
636 3631 834 3708 testamento,
857 3627 929 3710 quia
944 3629 980 3692 in
995 3627 1179 3712 principio
1201 3629 1291 3693 iecit
1311 3627 1394 3690 deus
1504 3623 1505 3700 ᾗ

267 3732 410 3796 caelum
434 3735 470 3796 et
486 3735 624 3796 terram
644 3735 680 3796 et
698 3732 855 3816 spiritus
872 3733 930 3797 dei
945 3733 1137 3798 ferebatur
1153 3751 1263 3815 super
1277 3747 1393 3814 aquas.

215 3862 242 3902 eo
267 3836 301 3900 in
323 3836 380 3900 deo
402 3836 551 3920 intellege
573 3839 705 3919 patrem,
728 3837 759 3899 in
783 3836 932 3919 principio
948 3837 1052 3921 accipe
1067 3837 1179 3918 filium,
1202 3835 1393 3921 superfusum

370 3972 416 4041 28]
436 3971 500 4027 Gen.
515 3974 575 4037 1.1.

312 4113 344 4167 17
361 4113 445 4166 uerbo
456 4107 524 4164 cum'
531 4111 563 4164 de
577 4110 717 4166 deo—lia.
729 4116 764 4165 21
782 4115 948 4180 promeretur
965 4119 1070 4168 amant
1088 4113 1119 4168 iu
1131 4108 1393 4181 Pseudo-Aspasiae

268 4198 337 4253 libro
354 4199 567 4254 testimoniorum
584 4199 656 4252 edito
673 4199 704 4252 in
716 4199 811 4253 Pttrtw
823 4199 962 4254 Analectis
979 4201 1066 4255 scats
1083 4206 1108 4254 ct
1125 4201 1246 4256 moso
1261 4196 1392 4268 spicilegio

268 4285 429 4340 aciamus·
448 4286 556 4354 paratis
575 4301 605 4354 p.
621 4289 674 4339 147
695 4286 796 4351 (Paris,
816 4287 896 4352 1888)
966 4289 1000 4342 20
1018 4286 1200 4354 inquisitione]
1223 4282 1392 4340 obstinatione

269 4371 331 4424 Mai
382 4373 416 4424 27
434 4371 566 4439 coequalis
584 4372 611 4426 R
