3100 4892
602 433 845 503 Prolegomena.
1220 431 1293 486 XLV

160 615 277 692 praesto
289 612 342 692 sit,
358 631 418 694 quo
433 612 657 694 interpolatum
673 629 741 674 esse
754 611 782 674 V
795 611 1008 675 demonstrare
1023 609 1152 693 possim.
1183 627 1292 673 uereor

161 717 259 797 etiam,
288 735 328 780 ne
352 734 463 799 parum
490 716 633 798 religiose
661 715 848 797 quibusdam
875 715 952 779 loeis
974 715 1110 797 uestigia
1136 714 1292 778 codicisV

159 821 331 902 presserim,
354 838 432 902 quos
447 820 498 884 hie
520 823 689 884 retractare
712 819 791 884 mihi
814 820 914 883 liceat.
953 836 989 882 ae
1011 838 1041 901 p.
1061 816 1132 898 110,
1144 815 1186 880 23
1208 822 1293 882 reete

159 924 285 988 sortasse
307 925 495 988 indicatiuus
524 923 640 986 dicarat
667 923 700 988 in
720 924 747 988 V
771 923 903 988 traditus
932 927 990 1002 est,
1019 921 1091 1002 116,
1103 919 1146 984 24
1172 931 1218 983 est
1244 942 1293 985 re-

159 1029 265 1111 cipere,
300 1029 355 1092 sed
388 1028 485 1092 uerba
517 1025 572 1090 ael
605 1026 787 1090 maiestatis
821 1027 969 1091 uncinare
1003 1026 1157 1091 debebam
1190 1045 1292 1108 neque

160 1151 185 1213 p.
210 1130 345 1211 117,15
380 1135 455 1211 erat,
490 1149 545 1196 eur
577 1133 675 1196 uerba
706 1129 779 1193 alia
811 1129 1000 1215 specialiter
1037 1151 1073 1195 ex
1108 1131 1292 1195 auctoritate

160 1236 266 1299 codicis
283 1236 310 1300 V
331 1254 393 1300 non
413 1236 519 1300 ordine
543 1236 668 1300 inuerso
692 1237 825 1300 ederem.
849 1271 890 1281 -
914 1233 1029 1318 legitur
1048 1235 1081 1298 in
1096 1235 1124 1298 V
1139 1255 1168 1316 p.
1188 1232 1293 1315 111,4

161 1336 289 1423 lepimae
308 1360 380 1423 per
401 1338 573 1416 Esaiam,
596 1339 679 1422 quod
701 1357 757 1423 pro
780 1339 816 1400 ire
836 1337 941 1401 Esaia
963 1357 1107 1404 exarasse
1130 1338 1293 1402 librarium

161 1461 256 1508 errore
291 1444 454 1508 inductum
490 1449 639 1527 sequente
674 1444 787 1508 uetula
819 1463 920 1529 raper-
953 1462 972 1508 a
1004 1463 1039 1507 se
1073 1443 1189 1507 omissa
1218 1444 1291 1507 olim

160 1548 257 1611 statui.
303 1567 387 1612 nuno
410 1552 512 1613 autem
537 1549 626 1612 uideo
650 1566 700 1611 me
723 1549 838 1630 ipsum,
866 1566 928 1612 non
951 1548 1112 1612 librarium
1136 1547 1293 1611 eodieisV

159 1669 282 1716 errasse.
322 1652 438 1716 etenim
463 1650 595 1736 lepimas
613 1673 677 1736 per
692 1651 829 1714 Esaiam
849 1653 1064 1736 explicandum
1081 1655 1130 1716 est
1145 1652 1184 1715 ad
1200 1651 1293 1714 huius

160 1755 237 1819 modi
253 1757 392 1820 locorum
409 1756 600 1839 analogiam:
625 1776 654 1839 p.
668 1755 753 1837 35,3
773 1777 847 1817 enm
856 1777 929 1840 per
939 1757 1168 1841 prophetam
1183 1777 1294 1818 suam

161 1856 304 1921 minae
335 1858 433 1940 diem,
466 1859 592 1940 106,11
624 1881 697 1945 per
727 1859 885 1922 Esaiam
915 1880 1047 1944 qaoque,
1085 1859 1190 1940 111,7
1221 1880 1293 1944 per

160 1961 310 2026 Esaiam
331 1963 429 2047 filias
460 1964 550 2046 doctr,
580 1986 610 2048 p.
632 1964 706 2046 431,
730 1964 769 2027 12
800 1964 922 2028 dicente
953 1964 1080 2027 domim
1105 1986 1178 2050 per
1203 1985 1293 2049 pro-

156 2067 314 2149 phetam,
345 2070 398 2150 qui
428 2069 488 2133 loci
519 2071 637 2152 passim
668 2070 846 2153 legentibus
873 2073 1048 2134 oeeurrunt.
1095 2071 1171 2151 quin
1198 2070 1293 2133 etiam

160 2189 280 2252 prorsus
301 2172 410 2236 eadem
431 2173 563 2238 elocutio
586 2175 738 2256 reperitur
760 2175 794 2238 in
809 2173 917 2238 Fausti
940 2174 1089 2257 opusculo
1112 2173 1150 2236 de
1172 2172 1293 2236 ratione

159 2274 225 2339 fidei
253 2276 423 2360 (Pithoeuq
447 2277 599 2342 Ueterum
627 2279 743 2359 aliquot
771 2278 891 2343 Galliae
920 2278 1137 2362 theologorum
1167 2279 1293 2360 scripta,

160 2378 281 2444 Parisiis
303 2378 400 2463 1586)
423 2402 452 2464 p.
473 2380 551 2444 124:
575 2403 614 2444 ere
635 2391 738 2444 matre
761 2403 840 2444 aero
862 2380 998 2444 initium
1019 2381 1168 2467 sumpsit,
1191 2379 1294 2442 sicat

160 2480 315 2568 lepimaa
344 2505 416 2569 per
444 2483 618 2549 Esaiam:
651 2507 717 2549 ecce
748 2474 854 2571 ats‘rpe¹
877 2486 915 2548 ia
947 2495 1040 2549 atero
1074 2485 1220 2570 arripiet.
1250 2523 1293 2531 —

159 2607 185 2668 p.
204 2587 331 2669 111‚2o
352 2607 414 2654 non
437 2595 514 2671 erat,
542 2609 597 2654 eur
623 2588 669 2652 nd
691 2590 748 2652 boe
774 2609 829 2673 pro
852 2589 970 2671 adbuc,
997 2592 1079 2672 quod
1102 2590 1130 2653 V
1153 2590 1291 2673 praebet,

160 2691 293 2768 ederem3
331 2693 487 2776 signifieat
517 2695 602 2757 enim
633 2695 728 2758 etiam
760 2692 868 2758 adbuc
897 2695 981 2758 idem
1011 2695 1093 2776 quod
1117 2701 1292 2778 praeterea

159 2814 224 2858 enm
261 2798 341 2878 apud
373 2798 451 2862 alios
482 2799 647 2880 scriptores
677 2797 729 2881 (ei.
755 2798 915 2882 Georgesii
944 2798 1078 2881 lexicon)
1108 2802 1176 2862 tum
1210 2798 1292 2879 apud

157 2898 303 2965 Faustum
331 2900 383 2983 (ef.
409 2902 523 2984 index).
551 2939 593 2947 -
621 2902 654 2967 in
681 2903 784 2966 uerbis
808 2907 935 2967 actuum
958 2904 1170 2985 apostolorum
1194 2901 1239 2984 (4,
1257 2900 1291 2983 8)

158 3003 182 3065 V
205 3005 328 3070 exhibet
350 3027 380 3088 p.
397 3001 469 3086 120,
482 3004 538 3070 27:
568 3006 686 3068 Petrae
710 3004 753 3068 de
775 3007 901 3090 spirita
923 3017 1033 3068 sarecto
1056 3005 1154 3087 dimit,
1181 3007 1291 3088 reliqui

157 3109 272 3172 codices
294 3129 366 3174 oum
383 3109 521 3193 Uulgata
543 3111 696 3193 praebent
719 3109 862 3195 repletae
884 3131 940 3194 pro
964 3110 1011 3176 da.
1049 3111 1199 3175 aFausto
1222 3130 1292 3192 spe-

158 3212 236 3276 aisse
258 3213 374 3282 dietum
397 3219 446 3279 est
468 3213 505 3276 de
528 3215 595 3279 loeo
617 3233 748 3298 graecae
770 3216 1009 3299 praepositionis
1032 3218 1082 3276 ὑπὸ
1102 3234 1174 3278 eum
1196 3234 1292 3297 gene-

157 3316 218 3380 tiuo
241 3319 345 3400 etiam,
368 3319 423 3382 ubi
438 3318 570 3382 uerbum
585 3321 746 3402 passiuum
767 3339 829 3384 non
846 3324 955 3401 exstat,
978 3320 1143 3384 adhibitae.
1183 3321 1292 3384 eadem

158 3422 273 3486 ratione
288 3423 423 3486 Faustus
439 3424 531 3505 paulo
547 3427 618 3505 post
634 3424 677 3507 (p.
697 3423 768 3505 121,
781 3423 816 3507 4)
839 3425 927 3488 dicit:
956 3422 1071 3486 Petrae
1093 3423 1130 3485 ia
1144 3417 1177 3485 ae
1194 3445 1291 3508 prae-

151 3521 262 3606 ferens
284 3525 440 3612 spiritura
458 3535 606 3589 eoactum
623 3577 630 3590 .
649 3579 655 3591 .
674 3525 830 3612 loquitar.
856 3565 894 3573 -
919 3529 951 3592 in
967 3527 1174 3610 capitulorum
1191 3528 1291 3591 indiae

157 3647 185 3710 p.
205 3629 273 3711 130,
288 3628 328 3692 15
351 3630 378 3694 V
401 3629 544 3714 praebet:
575 3632 760 3716 quaeritur,
788 3641 900 3693 utram
916 3679 924 3692 .
941 3681 948 3694 .
965 3653 1130 3717 copaoraea
1153 3640 1292 3716 petetur

157 3741 222 3793 aad
237 3755 355 3815 norma,
376 3735 487 3816 reliqui
501 3735 571 3800 libri
587 3737 638 3800 hie
654 3742 685 3801 et
700 3739 733 3800 in
749 3737 877 3819 capituli
893 3736 991 3818 ipsius
1007 3737 1097 3801 titulo
1114 3736 1157 3820 (p.
1172 3734 1244 3816 146,
1257 3735 1291 3820 3)

158 3857 198 3897 aa
221 3839 344 3904 habent.
391 3843 424 3904 at
446 3841 524 3904 alter
546 3841 632 3904 loeus
655 3841 731 3904 iuV
754 3860 814 3906 nou
840 3842 974 3924 amplius
998 3844 1099 3905 exstat
1121 3841 1172 3923 (el.
1197 3859 1292 3923 supra

158 3961 185 4022 p.
201 3943 269 4026 Xl)
299 3962 400 4025 neque
424 3944 557 4008 dubitari
580 3950 692 4028 potest,
720 3947 795 4027 quin
822 3967 866 4006 aa
894 3946 994 4028 magis
1021 3946 1183 4010 librarium
1210 3947 1292 4010 oleat

158 4064 247 4126 quam
281 4056 350 4110 aut.
383 4056 498 4110 atram
521 4098 528 4110 .
554 4098 560 4111 .
585 4058 644 4111 aut
675 4050 811 4114 Faustus
844 4050 941 4114 hebet
972 4050 1068 4114 etiam
1101 4070 1131 4133 p.
1151 4049 1222 4130 182,
1240 4049 1290 4115 16.

161 4148 291 4231 191,10.

199 4254 255 4320 Sed
284 4256 451 4322 dolendum
478 4261 536 4339 est,
565 4258 646 4340 quod
672 4259 722 4322 hic
749 4258 844 4322 andex
870 4259 1158 4341 praestantissimus
1181 4257 1291 4321 Fausti

74 4425 77 4430 ,
158 4358 249 4424 libros
271 4362 308 4424 de
333 4363 442 4444 spiritu
466 4367 573 4426 saneto
597 4381 659 4426 non
674 4364 812 4446 integros
828 4363 967 4427 eontinet
982 4361 1034 4444 (ei.
1052 4381 1146 4446 supra
1167 4382 1197 4444 p.
1210 4362 1290 4445 XLt,
