3100 4892
509 433 735 503 Epistularum
752 431 808 490 lib.
823 433 852 488 11
871 436 979 491 11-12.
1066 497 1070 504 ,
1250 433 1314 499 389

175 609 307 692 propitio
331 628 350 674 a
372 610 490 674 saeculi
504 608 624 674 actibus
640 609 680 674 ad
702 611 862 673 aeternam
885 608 1109 673 beatitudinem
1128 612 1159 673 te
1176 608 1314 674 animam

176 715 367 778 conuertisse
389 714 521 797 coguoui
544 716 576 776 et
597 713 787 777 imitatorem
810 713 893 777 illius
918 713 1090 796 euangelici
1111 713 1314 796 negotiatoris

176 816 333 898 effectum,
363 818 414 900 qui
436 817 572 882 uenditis
595 817 740 882 omnibus
764 818 827 882 suis
851 817 1033 899 conparauit
1053 816 1315 900 pretiosissimum

176 923 392 1005 margaritum,
415 922 466 985 uel
488 922 582 1001 illius,
605 921 659 1002 qui
680 924 803 1004 reperto
826 921 858 984 iu
881 939 954 1004 agro
978 921 1124 986 thesauro
1148 921 1314 1002 distractis,

175 1043 256 1107 quaa
275 1025 422 1105 babebat,
442 1025 596 1089 uniuersis
616 1043 727 1109 agrum
746 1025 851 1106 ipsum
873 1023 1022 1089 laudabili
1044 1023 1213 1106 cupiditate
1232 1043 1313 1089 mer·
1353 1051 1366 1091 a

175 1133 265 1193 catus
301 1132 349 1194 est
382 1148 444 1194 non
478 1129 599 1194 adanae
633 1128 839 1212 possessionis
870 1129 1053 1212 inportunus
1084 1128 1228 1208 inhiator,
1259 1128 1314 1192 scd
1416 1139 1417 1144 ’

174 1234 317 1316 propriae
337 1233 497 1298 facultatis
519 1233 666 1317 prouidus
682 1232 875 1314 distributor,
899 1233 1060 1297 caritatem
1076 1235 1183 1315 utpote
1200 1233 1314 1296 sincer-

173 1338 288 1402 rimam
318 1337 458 1402 retinens
488 1337 580 1402 corde
606 1337 752 1420 perfecto,
784 1354 846 1401 non
869 1340 904 1400 nt
926 1337 1048 1419 parcius
1071 1336 1229 1417 uenderet,
1260 1336 1314 1400 sad

174 1444 211 1506 ut
233 1441 352 1524 largius
374 1440 538 1505 feneraret.

219 1545 318 1627 Super
340 1544 400 1626 duo
422 1545 505 1609 facto
528 1544 647 1628 gaudeo
671 1547 702 1608 et
725 1544 781 1608 deo
803 1545 919 1628 gratias
943 1562 1011 1628 ago,
1038 1542 1119 1625 quod
1141 1544 1313 1608 secundum
1341 1571 1366 1610 ro

174 1649 302 1713 diuitias
324 1649 473 1714 bonitatis
496 1667 571 1712 suae
594 1651 687 1730 atqua
706 1648 832 1712 uirtutis
847 1668 903 1731 per
918 1646 1179 1712 inaestimabilem
1194 1647 1314 1712 miscri-

174 1752 313 1818 cordiam
336 1771 426 1817 suam
448 1753 682 1836 propemodum,
705 1755 741 1815 ut
764 1752 808 1815 ita
831 1752 968 1832 dixerim,
996 1753 1102 1816 contra
1125 1751 1314 1816 senteutiam

173 1961 324 2044 pecunias
354 1959 481 2040 babent,
511 1978 643 2044 reguum
670 1959 800 2043 adipisci
822 1978 914 2042 posse
937 1960 1104 2040 caelorum,
1136 1977 1206 2023 ecca
1229 1961 1259 2023 tc
1283 1963 1314 2024 et

173 2066 224 2128 bis
256 2065 398 2148 dignauit
426 2065 459 2128 in
489 2064 613 2128 saeculo
644 2067 675 2128 et
705 2064 875 2146 prouehere
902 2064 1031 2128 festinat
1052 2064 1085 2127 in
1106 2081 1214 2147 regno.
1259 2063 1314 2127 sed
1341 2091 1366 2132 ra

173 2172 283 2233 tamen
317 2169 401 2232 idam
435 2168 579 2232 dominus
613 2169 757 2232 continuo
792 2168 928 2251 rigorem
957 2167 1067 2251 prioris
1098 2165 1313 2231 huiuscemodi

173 2273 359 2353 sententiae,
394 2290 488 2354 quam
523 2273 654 2354 apostoli
688 2271 904 2336 uehementius
939 2269 1158 2351 formidabant,
1193 2271 1313 2335 miseri·

173 2376 297 2440 cordiae
324 2394 399 2440 suae
429 2375 642 2440 moderamine
664 2376 853 2457 temperauit
879 2375 994 2454 diceus,
1025 2375 1107 2456 quod
1133 2374 1313 2458 inpossibile

173 2483 260 2544 esset
291 2481 324 2543 in
352 2499 385 2544 sa
407 2478 585 2544 hominibus
607 2497 662 2561 per
685 2483 839 2558 naturam,
871 2478 1019 2560 possibile
1042 2479 1098 2543 deo
1120 2478 1154 2542 in
1177 2479 1220 2542 ais
1244 2497 1313 2542 esse

173 2603 229 2667 per
260 2584 404 2668 gratiam.
451 2584 533 2665 quod
559 2585 591 2647 in
622 2587 663 2664 tc,
694 2584 743 2646 cui
771 2583 855 2664 operi
877 2585 913 2647 ut
936 2585 1019 2647 totus
1044 2588 1136 2664 atque
1159 2582 1312 2666 inpendiis
1339 2611 1365 2652 ro

173 2707 291 2771 pronus
315 2686 488 2767 incumbas,
515 2705 571 2770 pro
594 2687 706 2750 affectu
731 2690 857 2752 mutuae
881 2687 1017 2751 caritatis
1038 2686 1198 2768 admoneo,
1222 2689 1254 2751 et
1268 2686 1314 2751 ita

173 2792 312 2857 fabricae
334 2792 428 2855 turris
451 2792 544 2870 illisa,
568 2809 662 2872 quam
686 2791 829 2855 dominus
844 2792 877 2855 in
894 2791 1055 2874 euangelio
1071 2791 1211 2856 construi
1225 2809 1313 2874 praa·
1365 2789 1367 2795 “

174 2896 267 2978 cepit,
299 2899 444 2960 strenuus
474 2895 652 2959 aedificator
681 2896 819 2976 insistas,
851 2898 886 2958 ut
914 2895 1081 2958 aduersarii
1108 2894 1155 2959 tui
1176 2895 1314 2960 habeant

173 3001 278 3082 potius
295 3000 332 3062 de
349 3000 414 3063 eius
429 3000 628 3082 perfectione,
651 3000 731 3081 quod
747 2999 883 3080 doleant,
907 3018 1002 3080 quam
1018 2999 1056 3063 da
1071 2999 1311 3080 intermissione,

174 3105 257 3186 qnod
280 3104 411 3167 rideant.
1340 3133 1365 3174 2,

708 3224 779 3288 XII.

175 3369 296 3412 nomo
319 3368 444 3411 suatim
466 3369 652 3417 SEMPERQUE
668 3368 840 3409 madroaldo
856 3367 970 3408 nanum
986 3368 1153 3410 PadusmIo
1168 3369 1313 3411 uumerus

655 3455 833 3499 nrrscot’u&

217 3573 373 3656 Plerique,
390 3573 463 3636 dum
481 3592 531 3636 mc
547 3572 628 3655 apud
640 3572 834 3636 indiuiduam
847 3573 924 3636 mihi
936 3571 1162 3636 sublimitatem
1174 3576 1313 3636 uestram
1408 3631 1411 3640 ,

175 3697 238 3743 nou
267 3678 352 3742 uitae
381 3676 504 3756 merito,
538 3677 592 3740 scd
623 3676 831 3740 amicitiarum
861 3675 1024 3760 priuilegio
1057 3677 1193 3740 multum
1222 3695 1314 3759 posse
1340 3703 1365 3744 ao

279 3813 307 3883 2]
320 3812 416 3867 Metth.
429 3815 468 3876 13,
479 3815 521 3867 46.
568 3811 806 3880 emaculare
856 3811 899 3881 13]
912 3811 1009 3866 Matth.
1021 3814 1061 3874 19,
1071 3813 1112 3867 23.
1162 3811 1206 3881 18]
1216 3809 1312 3866 Matth.

177 3905 218 3966 19,
231 3903 266 3957 26
271 3920 278 3964 ;
296 3899 359 3954 Luc.
375 3902 415 3963 18,
428 3901 470 3954 at.

219 4023 349 4078 laodd.
367 4041 391 4089 o,
409 4022 498 4077 om.S
548 4021 801 4089 2negociatorisS
855 4021 1045 4076 3uinditisS
1102 4019 1314 4089 praeciosissimi

175 4109 324 4179 margariti
336 4110 360 4165 S
408 4108 633 4176 idestactisq38
683 4108 870 4164 8uinderetS
922 4112 955 4164 20
968 4111 1041 4162 totus
1053 4107 1114 4175 Kr,
1132 4105 1195 4161 totis
1209 4107 1238 4175 S,
1252 4105 1313 4161 otiis

175 4200 359 4253 Momnaaeuua
405 4212 524 4264 nequeo,
538 4197 803 4265 aaqucLuctjobona
849 4197 882 4252 21
896 4200 1003 4250 mutuae
1016 4197 1109 4250 toras.
1123 4196 1157 4250 3¹
1206 4193 1244 4262 et]
1258 4196 1313 4250 uto

175 4287 209 4340 23
222 4283 358 4352 strenuus]
371 4286 424 4337 stre
437 4286 468 4338 in
480 4285 700 4353 marp.repat.S¹
749 4282 938 4339 aedficacurs
944 4286 951 4318 ¹
1000 4284 1032 4337 27
1045 4282 1313 4352 cademcpiatalatn·

175 4375 222 4440 fra
233 4372 348 4426 recurrit
358 4370 395 4424 ΙΙ
400 4374 435 4424 53
478 4369 629 4439 presidioS
670 4369 956 4425 30ammicitiarumS
998 4367 1169 4437 priuilegium
1179 4370 1209 4438 S,
1219 4385 1312 4425 cmc
