3100 4892
684 426 923 495 Prolagomana.
1280 425 1373 479 XXIII

230 603 385 686 eptstnlas
409 603 543 667 afferret.
567 619 647 685 quae
671 604 804 666 sirecte
826 603 984 684 disputata
1006 605 1088 681 sunt,
1111 602 1175 666 iarn
1197 603 1272 666 hinc
1292 604 1374 667 mnl-

229 713 303 772 tum
328 708 523 788 auctoritatis
554 707 726 771 detrahitur
757 704 1022 789 disputationibus
1054 724 1171 786 eorum,
1203 708 1256 789 qui
1283 708 1374 771 abusi

230 813 302 876 loco
326 815 431 876 nostro
454 809 607 876 Gennadii
635 810 672 874 de
696 811 805 874 Fausti
832 811 956 892 scriptis
984 811 1122 875 nondum
1146 811 1235 875 lectis
1257 811 1374 875 Fausto

230 917 293 981 hoc
310 917 425 980 illudne
442 933 519 1000 opus
535 916 700 980 obtrudere
717 915 854 979 student.
887 916 942 978 sed
957 915 995 978 de
1010 915 1059 979 his
1075 919 1184 999 postea
1198 915 1372 980 dcundum.

278 1022 346 1086 Iam
370 1020 407 1083 de
430 1021 538 1085 Fausti
561 1021 703 1103 epistulis
726 1038 745 1084 a
768 1019 932 1084 GennadIo
955 1020 1142 1084 nominatim
1169 1038 1232 1083 uon
1255 1038 1374 1084 memo-

229 1125 311 1190 ratis
332 1143 472 1208 agamus,
495 1125 576 1189 inter·
597 1143 673 1206 quas
694 1125 867 1208 prinoipem
886 1125 991 1188 locum
1015 1161 1055 1170 —
1079 1123 1117 1188 de
1137 1124 1272 1206 epistula
1290 1126 1373 1189 enirn

230 1230 274 1295 ad
297 1230 450 1294 Lucidum
479 1229 698 1312 presbyterum
728 1229 792 1293 alia
821 1228 983 1292 occasione
1011 1227 1118 1292 oblata
1144 1228 1374 1311 disputauimus

230 1371 277 1382 -
300 1333 420 1398 obtinet
443 1335 609 1417 epistula
632 1333 674 1397 ad
697 1333 913 1413 Paulinum,
944 1334 1033 1396 euius
1060 1331 1205 1397 meminit
1230 1333 1373 1397 Alcimus

229 1437 349 1503 Auitus
373 1439 404 1502 in
421 1438 555 1520 epistula
570 1437 608 1500 ad
624 1435 856 1502 Gundebadum
871 1437 1131 1521 Burgundionum
1147 1457 1255 1520 regem
1271 1436 1314 1520 (p.
1332 1435 1374 1500 29

229 1543 370 1626 Peiper),
393 1543 447 1606 sed
470 1543 514 1606 ita
536 1544 573 1605 ut
593 1559 656 1606 non
670 1541 825 1632 Faustum
842 1541 1010 1605 Retensem
1033 1542 1088 1605 sed
1103 1541 1255 1605 Faustum
1271 1542 1374 1605 Mani-

228 1649 367 1712 chaeum
389 1664 458 1710 eam
479 1647 640 1728 scripsisse
663 1645 840 1710 adsereret:
864 1644 944 1729 poia
965 1643 1088 1730 legistis
1107 1643 1289 1708 consulenti
1308 1645 1374 1708 cui-

229 1751 311 1814 dam
338 1749 480 1813 Paulino
507 1747 748 1835 Burdepalenei
775 1747 817 1811 ab
846 1749 994 1834 episcopo
1020 1749 1209 1834 supradicti
1234 1749 1374 1812 nominis

228 1857 313 1938 (scil.
333 1853 470 1938 Fausto)
490 1853 603 1940 fuisse
631 1874 835 1938 responsum:
861 1853 958 1916 caina
986 1853 1182 1939 temporibus
1208 1853 1374 1917 Paulinus

228 1959 367 2044 quidum
385 1957 478 2044 (dens
494 1957 631 2034 uiderit,
654 1967 767 2021 atroam
782 1958 822 2034 is,
845 1979 936 2042 quem
951 1959 1145 2036 memoratio,
1169 1968 1273 2021 tamen
1288 1957 1374 2020 Bur-

229 2061 430 2150 dcpaleneic)
455 2084 518 2126 non
537 2084 651 2148 pauca
672 2060 749 2125 etilo
773 2061 930 2125 catholico
953 2072 982 2124 et
1005 2061 1294 2147 inreprehensibili
1304 2061 1375 2144 fide

228 2167 441 2252 conscripsit:
470 2165 622 2252 praefati
652 2166 808 2229 baeretici
837 2167 1025 2230 mentionem
1051 2166 1176 2230 idcireo
1201 2166 1373 2252 praemisi,

228 2293 272 2334 ne
288 2270 476 2334 Manichaei
499 2270 606 2356 ipsias
625 2269 744 2332 Fausti
767 2291 850 2355 opus
873 2270 1059 2357 infaustum
1077 2271 1259 2334 citeriorem
1278 2272 1374 2348 bunc,

230 2397 325 2462 quem
340 2375 437 2439 etiam
452 2374 560 2462 gioria
575 2384 688 2438 neutra
703 2384 853 2452 nouerat,
876 2383 954 2438 ortu
969 2374 1170 2438 Britannum
1185 2373 1373 2438 habitaculo

229 2480 408 2558 Reieasem,
439 2477 536 2543 titulo
566 2477 707 2542 nominis
738 2488 915 2542 accusaret.
955 2483 1058 2544 exstat
1087 2482 1222 2563 epistula
1251 2481 1374 2545 Paulini

227 2586 327 2665 illius,
350 2589 386 2648 ut
400 2585 514 2649 Auitus
532 2585 585 2664 ait,
608 2584 849 2667 BurdogalensIs
871 2584 913 2667 (p.
933 2583 1005 2665 181,
1021 2584 1055 2667 9)
1076 2585 1108 2648 ln
1124 2585 1245 2650 duobus
1261 2585 1374 2649 codici-

227 2691 303 2770 huS,
326 2708 457 2771 quorum
479 2689 512 2752 in
536 2690 634 2752 altero
657 2687 711 2769 (ct.
728 2708 757 2771 p.
774 2687 902 2769 183,10
924 2688 1001 2771 not.)
1031 2690 1162 2772 scriptor
1184 2690 1373 2753 Benedictus

225 2794 381 2858 Paulinus
404 2793 587 2876 appellatur.
626 2793 652 2856 is
676 2810 695 2856 a
717 2793 840 2857 Manno
863 2795 1000 2875 quodam
1023 2794 1155 2858 eremita
1183 2795 1310 2858 edoctus
1333 2793 1372 2857 de

228 2898 402 2964 acerbItate
412 2897 644 2979 suppliciorum,
658 2915 736 2978 quae
749 2898 925 2978 exciperent
936 2902 1112 2980 peccatores
1122 2897 1290 2962 Christiani
1301 2901 1374 2978 post

227 3007 375 3082 mortam,
392 3001 544 3066 Faustum
557 3001 714 3066 consuluit
729 3002 766 3065 de
783 3005 1004 3066 momentanea
1018 3003 1209 3084 paenitentia
1224 3003 1256 3065 in
1272 3006 1372 3065 entre-

228 3107 292 3172 mis
315 3107 397 3170 uitae
421 3105 671 3185 necessitatibus,
703 3123 780 3168 num
803 3104 880 3168 fides
908 3105 1067 3169 sufficeret
1093 3106 1132 3169 ad
1159 3107 1304 3185 salutem,
1334 3108 1372 3169 de

228 3213 316 3275 statu
333 3209 456 3273 animae
472 3212 692 3292 postmortem
709 3209 841 3291 alhsque
857 3209 1022 3273 similibus.
1053 3211 1101 3272 cui
1118 3209 1254 3273 Faustus
1270 3209 1371 3273 insius

227 3315 391 3398 respondit
418 3313 461 3397 (p.
481 3311 552 3394 183,
568 3312 602 3398 9)
633 3317 675 3393 et,
706 3331 786 3395 quae
813 3314 955 3378 Marinus
985 3315 1168 3394 minaretur,
1199 3332 1274 3377 uera
1303 3333 1372 3378 esse

226 3420 458 3502 comprobauit.
504 3419 624 3484 duobus
648 3419 756 3483 Fausti
787 3419 940 3502 epistulae
969 3419 1045 3482 locis
1076 3418 1288 3483 Gnndobadus
1318 3439 1372 3482 rer

226 3525 368 3591 Arlanus
399 3523 536 3589 offensus
566 3523 662 3588 Auito
694 3542 745 3588 eos
775 3525 947 3607 proposuit,
975 3525 1039 3606 qui,
1067 3524 1141 3606 quid
1168 3524 1371 3606 responderit,

226 3631 309 3696 nihil
332 3629 370 3694 ad
394 3631 532 3694 nostram
554 3647 621 3692 rem
644 3629 729 3708 facit,
754 3627 815 3691 nisi
838 3629 919 3710 quod
940 3629 1092 3692 Faustum
1107 3628 1274 3692 Reiensem
1290 3629 1372 3692 Pau-

225 3739 295 3802 lino
310 3735 355 3800 illi
371 3734 567 3818 respondisse
587 3735 725 3818 negauIt,
750 3734 805 3798 sed
820 3734 937 3798 Fausto
954 3734 1139 3798 Manichaeo
1159 3753 1184 3798 s.
1200 3733 1372 3817 Augustini

226 3840 410 3907 aduersario
434 3839 599 3921 epistulam
624 3839 799 3921 adscripsit.

273 3943 389 4010 Uerbis
411 3942 501 4007 Auiti
530 3943 631 4007 elucet
658 3943 767 4007 Fausti
798 3943 967 4026 epistulam
997 3943 1097 4025 ipsam
1128 3960 1147 4006 a
1177 3941 1371 4007 Grundobado

223 4051 327 4116 Auito
357 4048 574 4113 transmissam
605 4065 666 4112 non
698 4066 776 4128 esse,
808 4065 942 4129 cumque
972 4065 1018 4127 en,
1049 4065 1127 4128 quae
1158 4046 1369 4112 Gundobndus

224 4155 436 4236 excerpserat,
452 4151 539 4216 Auiti
558 4152 705 4234 plausum
725 4169 788 4216 non
808 4151 936 4231 ferrent,
960 4151 1027 4214 siue
1047 4171 1102 4234 per
1121 4153 1207 4235 piam
1227 4151 1369 4214 fraudem

224 4261 296 4326 sine
327 4257 410 4340 quod
441 4257 507 4339 ipse
536 4255 687 4339 epistulae
720 4257 904 4337 scriptorem
938 4255 1095 4338 ignorauit
1128 4273 1229 4336 neque
1262 4258 1370 4319 tamen

223 4365 382 4429 Faustum
396 4360 558 4425 Reiensem
571 4360 648 4424 talia
660 4360 795 4424 scribere
808 4359 947 4442 potuisse
963 4358 1022 4422 sibi
1037 4360 1200 4440 persuasit,
1217 4357 1369 4422 Faustum
