3100 4892
280 432 344 496 332
720 433 786 488 1111.
806 433 915 488 Sermo
929 437 975 504 27.

278 608 356 690 licis,
390 609 423 673 in
458 613 566 674 sancto
593 609 770 694 Augustino
801 609 942 695 perfecta
971 614 1045 676 sunt
1078 629 1208 676 munere
1243 610 1409 676 conditoris.

279 714 332 778 ille
355 715 453 778 semel
479 715 513 802 iu
539 733 621 780 anno
649 733 688 779 ea
713 733 785 780 mox
808 715 949 780 exuenda
971 716 1127 798 sumebat,
1153 716 1205 780 bic
1228 717 1298 800 ipsa
1320 716 1411 780 incor-

278 822 389 902 porata
411 822 541 883 naturae
564 820 694 884 induere
717 820 786 901 soit,
814 821 913 885 nescit
937 839 1047 885 cruere
1075 839 1250 902 numquam
1273 821 1325 884 uel
1346 837 1408 884 cum

277 940 404 1005 corpore
432 923 625 1007 deponenda,
653 924 709 988 ead
736 925 774 988 ad
798 927 956 989 auctorem
984 943 1055 989 cum
1084 925 1195 1008 spiritu
1223 924 1408 1008 reportanda.

225 1053 239 1092 e
277 1027 311 1091 in
333 1027 388 1091 illo
411 1031 478 1093 erat
500 1028 601 1112 figura
622 1029 826 1112 praeteriens,
849 1029 881 1094 in
904 1030 962 1094 hoc
986 1029 1101 1093 ueritas
1124 1047 1337 1113 perseuerans.

321 1129 478 1215 Superest,
502 1136 538 1196 ut
552 1151 608 1216 per
624 1133 731 1198 omnia
750 1134 851 1198 sancti
866 1133 1038 1218 Augustini
1054 1132 1242 1198 caelestibus
1266 1133 1408 1198 institutis

278 1238 310 1299 et
332 1235 544 1319 singularibus
567 1236 736 1319 proficiatis
760 1237 921 1320 exemplis.
967 1240 1069 1301 totum
1093 1237 1232 1301 enimin
1255 1237 1308 1302 illo
1329 1235 1408 1301 uobis

278 1340 402 1405 abunde
423 1344 548 1423 praesto
580 1344 638 1422 est,
669 1342 721 1405 uel
751 1342 834 1424 quod
856 1343 992 1425 pertinet
1021 1341 1060 1406 ad
1091 1341 1337 1406 aedificationem
1365 1340 1409 1405 uel

277 1444 360 1527 quod
382 1448 503 1528 spectat
533 1445 571 1509 ad
593 1447 726 1531 gloriam
754 1447 806 1510 uel
830 1446 911 1529 qnod
940 1450 1033 1511 uocat
1061 1446 1101 1511 ad
1132 1448 1231 1512 uitam
1262 1447 1313 1510 uel
1335 1444 1408 1529 quod

225 1575 252 1614 ro
278 1549 398 1613 extollit
420 1549 459 1613 ad
482 1550 623 1632 gloriam.
669 1551 702 1614 in
729 1551 797 1635 ipso
821 1551 905 1616 enirn
934 1551 960 1616 si
986 1551 1151 1633 requiratis
1180 1549 1282 1616 bonae
1308 1551 1409 1614 uolun-

277 1653 353 1717 tatis
376 1653 534 1734 affectum,
566 1654 704 1718 clamant
727 1655 958 1720 misericordiae
980 1672 1083 1738 opera,
1112 1655 1138 1718 si
1160 1655 1342 1738 patientiam
1363 1654 1409 1717 do

277 1757 437 1839 sideratis,
471 1758 609 1822 existunt
643 1759 894 1824 mansuetudinis
929 1762 1128 1841 ornamenta,
1163 1759 1189 1823 si
1218 1777 1315 1843 pmae
1345 1777 1409 1822 con·

277 1861 426 1926 scientiae
443 1861 507 1927 sint
522 1863 743 1947 interroganda
758 1867 887 1945 secreta,
900 1863 1090 1946 respondent
1102 1863 1258 1928 castitatis
1275 1862 1409 1946 insignio,

277 1964 415 2050 fraglaut
430 1964 636 2050 benignitatis
651 1966 805 2048 balsama,
828 1968 954 2051 pietatis
970 1971 1121 2049 aromata,
1143 1967 1302 2051 refulgent
1321 1967 1409 2031 soien-

225 2095 249 2135 ω
277 2071 338 2134 tiae
366 2071 601 2155 sapientiaeque
632 2072 768 2136 monilia.
814 2072 894 2136 inter
924 2073 1002 2136 haec
1029 2073 1165 2136 multum
1195 2075 1350 2153 ueremur,
1375 2089 1408 2134 uo

276 2175 389 2239 merita
411 2175 512 2239 sancti
535 2174 716 2258 Augustini,
744 2176 819 2240 dum
844 2175 974 2241 affectus
1002 2177 1240 2260 praedicationis
1270 2177 1409 2254 insinuat,

275 2281 410 2344 tenuitas
445 2279 599 2344 sermonis
634 2278 814 2345 abscondat.
866 2281 982 2349 etenim
1018 2284 1188 2363 antequam
1224 2282 1408 2346 saecularem

275 2383 420 2448 habitum
448 2385 632 2449 caelestium
660 2387 797 2449 sectator
825 2388 950 2449 exueret
978 2389 1008 2449 et
1035 2403 1142 2450 sacrae
1171 2385 1301 2450 militiae
1328 2385 1409 2468 signa

275 2488 457 2572 susciperet,
489 2489 680 2571 aliquamdiu
710 2491 742 2552 in
773 2494 893 2554 secreto
917 2490 1033 2554 domini
1060 2490 1171 2554 timore
1202 2492 1234 2553 et
1257 2493 1343 2554 metu
1364 2506 1409 2552 oc·

226 2617 252 2655 so
275 2593 397 2657 cultum
421 2593 553 2658 militem
576 2593 685 2678 gessit,
709 2593 763 2657 diu
785 2594 818 2657 iu
841 2592 900 2657 hoc
923 2594 1040 2658 mundo
1059 2594 1180 2676 positus
1203 2591 1266 2679 <in>
1281 2597 1409 2658 extremo
1506 2611 1507 2622 ²

275 2696 385 2762 mundi
414 2698 474 2762 luit
507 2715 544 2761 uc
577 2698 622 2762 sic
653 2698 780 2781 publica
810 2698 1046 2763 conuersatione
1077 2701 1223 2781 suscepta
1255 2717 1317 2763 uon
1349 2701 1409 2762 tam

276 2802 378 2883 coepit
392 2821 471 2882 esse,
494 2801 577 2883 quod
593 2819 653 2866 non
671 2806 747 2883 erat,
771 2820 865 2884 quam
888 2803 1031 2886 prodidit,
1054 2801 1135 2884 quod
1158 2800 1287 2866 latebat.
1322 2801 1409 2886 igitur

276 2924 347 2969 cum
374 2906 441 2971 eius
468 2906 613 2970 iuuenilis
641 2910 728 2970 aetas
756 2906 956 2971 uincentibus
980 2906 1126 2970 lasciuiae
1155 2905 1288 2970 fallaciis
1316 2909 1410 2970 traus-
1505 2943 1506 2946 =

275 3010 450 3075 nolentium
473 3029 578 3074 rerum
601 3011 721 3094 species
743 3011 872 3095 pingere
896 3014 927 3074 et
947 3011 1084 3076 indicere
1108 3013 1282 3091 conaretur,
1306 3027 1408 3074 sensus

223 3135 248 3176 a
276 3115 342 3178 eius
356 3115 623 3199 praetereuntium
647 3133 683 3179 ac
702 3116 899 3199 perdentium
924 3116 1124 3199 uoluptatum
1138 3114 1273 3198 fugitiua
1288 3113 1407 3178 dmoedo

276 3237 409 3301 eumque
425 3218 556 3283 diuersis
573 3219 702 3284 nexibus
718 3219 875 3284 uiolentiis
898 3219 1059 3283 adiciendo
1076 3219 1211 3284 mundus
1228 3219 1406 3302 astringeret

275 3341 407 3405 cumque
423 3323 513 3388 illum
528 3343 652 3407 genere,
674 3325 836 3404 facultate,
860 3323 1010 3405 moribus,
1035 3323 1178 3388 acumine
1195 3326 1227 3388 ct
1247 3321 1403 3388 memoriae
1503 3363 1504 3388 r

275 3428 446 3510 capacitate
468 3427 640 3510 pollentem
663 3431 696 3493 et
717 3447 772 3513 per
795 3428 920 3492 diuitias
939 3425 1048 3514 (dona)
1069 3427 1273 3493 multiformis
1295 3425 1403 3512 gratim

274 3532 307 3596 iu
330 3533 469 3596 medium
491 3533 702 3616 proferentem
726 3532 955 3616 quodammodo
986 3533 1131 3616 amplexu
1153 3533 1288 3597 retinere
1310 3547 1404 3595 amoe-
1502 3619 1503 3622 Ἴ

222 3659 247 3699 eo
274 3637 355 3701 nitas
378 3637 462 3701 uitae
484 3637 577 3701 limus
600 3636 743 3718 ambiret,
766 3637 844 3701 haec
863 3637 916 3703 ille
932 3637 1081 3702 uniuersa
1095 3640 1171 3720 quot
1186 3635 1403 3702 oblectamenta

317 3859 455 3917 3induere
468 3861 636 3931 soitocripsi,
649 3860 797 3916 indurescit
810 3860 837 3915 P
887 3862 1038 3930 9expoctut
1051 3861 1079 3915 P
1130 3861 1163 3917 14
1176 3859 1294 3929 fraglant
1307 3855 1402 3927 mosi,
1501 3883 1502 3890 ¹

272 3948 390 4017 flagrant
401 3948 429 4002 P
481 3951 513 4004 15
526 3947 639 4002 munilia
655 3950 683 4002 P
734 3947 889 4002 multum-
897 3949 944 4004 ltu.
957 3952 993 4004 22
1004 3947 1116 4016 latebat]
1136 3949 1170 4016 of.
1186 3947 1283 4003 Ευεεὺ.
1295 3949 1360 4002 tom.
1371 3943 1400 3996 34

272 4036 398 4103 (BPML
415 4035 459 4090 VI
470 4039 522 4090 654
535 4036 575 4104 D)
628 4051 751 4089 ueremur
769 4051 802 4089 ne
821 4036 931 4104 Βακὰ,
949 4051 1106 4089 ueneremur
1123 4036 1151 4088 P
1204 4035 1237 4090 16
1255 4027 1402 4103 agusde

275 4126 307 4179 19
329 4123 357 4175 ct
378 4124 452 4175 metu
475 4121 611 4175 occidtum
632 4122 739 4191 seipsi,
764 4124 836 4175 meto
855 4121 958 4177 cultum
977 4123 1004 4175 P
1073 4123 1108 4177 20
1125 4121 1154 4174 in
1172 4123 1289 4174 extremo
1305 4114 1399 4186 mod,

273 4211 390 4262 extrema
408 4209 436 4263 P
495 4212 570 4263 extra
592 4207 724 4262 mundum
747 4209 815 4264 Ros.
879 4211 913 4264 22
932 4223 1012 4277 quam
1031 4209 1108 4276 Esco,
1127 4207 1198 4276 quod
1217 4207 1245 4261 P
1303 4207 1334 4262 24
1350 4217 1400 4271 spe

271 4295 324 4348 ties
343 4296 369 4349 P
419 4298 452 4351 25
470 4294 593 4364 fugatiua
610 4296 639 4349 P
693 4297 727 4352 28
746 4295 814 4349 dona
833 4297 941 4365 addidi,
958 4314 1009 4352 om.
1024 4297 1052 4350 P
1107 4297 1141 4351 30
1159 4294 1295 4364 haec-p.
1307 4290 1401 4358 333,18

274 4379 395 4451 diuitias]
413 4385 449 4452 cf.
464 4383 562 4439 Esuob.
574 4384 645 4439 bom.
659 4386 693 4438 73
710 4385 724 4450 (
726 4383 770 4438 VI
785 4387 836 4438 685
850 4384 887 4452 G)
