3100 4892
628 415 725 471 Liber
742 416 757 471 I
775 420 815 473 16.
1247 418 1288 483 51

156 593 333 673 contemptu
357 610 429 655 reus
453 595 510 672 est,
533 592 586 673 qui
607 591 770 657 remansit.
815 594 956 657 uolentes
980 594 1063 657 enirn
1083 594 1215 658 redemit
1237 612 1292 658 uo·

153 696 309 759 lentatum
332 699 556 759 remunerator.
601 696 702 761 iustus
732 697 816 761 enirn
843 696 957 761 arbiter
980 698 1056 762 deus
1079 698 1290 763 uoluntarium

153 800 236 881 cupit
257 799 369 879 redire,
392 818 485 881 quem
508 818 571 864 non
594 801 731 864 inuitum
754 802 899 865 meminit
920 803 1083 866 corruisse.
1118 820 1289 885 quaecum

151 903 197 967 ita
217 904 296 982 sint,
324 904 372 967 dic
395 904 483 984 mihi,
510 923 603 986 quem
627 906 769 988 agretia
791 906 1015 988 redemptionis
1044 907 1210 989 exceperit,
1238 905 1292 989 qui

153 1008 362 1072 damnationis
386 1009 532 1091 antiquae
554 1008 796 1093 chirographum
818 1010 964 1093 generale
988 1011 1113 1075 deleuit.
1329 1036 1343 1075 s

152 1190 273 1262 coram
292 1221 365 1280 1100,
387 1221 471 1270 QUOD
486 1221 711 1264 nuanenmcau
727 1222 924 1265 SENTENTIAM
939 1223 1085 1265 inrumpo
1101 1225 1141 1264 ET
1156 1222 1289 1265 INPROBO

515 1308 613 1350 SENSU
636 1308 925 1352 mrnnrnu‘rhu'rua.

192 1424 321 1504 Nemo,
349 1426 458 1507 inquit,
482 1427 586 1489 uenit
608 1426 652 1489 ad
675 1446 745 1506 me,
772 1427 846 1491 nisi
869 1430 988 1509 pater,
1012 1428 1072 1508 qui
1095 1428 1198 1491 misit
1219 1447 1289 1507 me,

150 1529 358 1593 adtraxerit
380 1547 470 1592 eum.
508 1530 665 1611 quietam
683 1530 838 1595 inmemor
859 1531 969 1594 salutis
993 1550 1067 1595 suae
1088 1532 1137 1611 sit,
1162 1531 1215 1613 qui
1235 1532 1288 1595 ad-

151 1631 304 1697 trahentis
327 1633 570 1698 misericordiam
593 1652 708 1718 negare
730 1636 934 1717 praesumat?
979 1635 1034 1698 sed
1056 1636 1110 1699 ille
1133 1654 1206 1699 uere
1230 1636 1290 1699 im-
1316 1661 1342 1701 ιο

150 1738 217 1818 pius
241 1740 303 1817 est,
331 1738 384 1818 qui
406 1755 477 1801 earn
500 1756 563 1802 non
586 1738 733 1802 omnibus
755 1739 870 1822 ingeri,
901 1757 963 1803 non
985 1739 1132 1803 omnibus
1156 1742 1289 1803 testatur

150 1840 284 1923 inpendi.
327 1841 475 1906 hocloco
497 1843 631 1905 adtracti
654 1843 788 1907 salutem
812 1842 1003 1907 adtrahends
1022 1846 1114 1924 putat
1135 1862 1203 1907 esse
1223 1844 1289 1907 uio-

150 1944 288 2009 lentiam.
335 1949 464 2028 apparet
489 1946 579 2010 illum
609 1964 671 2009 non
699 1965 791 2011 nosse
819 1946 885 2011 nisi
902 1950 1028 2011 catenas
1052 1946 1201 2011 obnoxiae
1224 1967 1289 2011 ser·

151 2049 268 2128 uitatis,
291 2049 345 2131 qui
367 2050 498 2114 deuotae
522 2051 621 2114 nescit
642 2050 768 2115 uincula
790 2051 937 2115 caritatis.
982 2051 1033 2115 hic
1056 2054 1163 2115 autem
1186 2070 1288 2116 sermo

153 2152 274 2217 diuinus
301 2154 478 2235 specialiter
504 2154 643 2237 increpat
668 2154 827 2219 hominem
854 2156 892 2219 de
919 2156 1051 2237 propriis
1082 2156 1141 2219 sibi
1169 2156 1289 2221 uiribus
1317 2182 1341 2221 15

153 2257 353 2341 adrogantem
376 2261 408 2321 et
430 2258 468 2321 de
490 2258 595 2322 labore
618 2277 674 2323 suo
697 2260 792 2341 impie
812 2264 1074 2343 praesumentem.
1114 2278 1186 2323 curn
1208 2261 1290 2325 inter

152 2360 225 2425 haec
240 2380 323 2426 unus
338 2365 440 2425 totum
455 2362 564 2442 labori,
585 2364 664 2428 alter
680 2366 782 2427 totum
799 2365 915 2446 gratiae
935 2364 1049 2427 iudicet
1064 2364 1288 2446 deputandum,

153 2464 297 2548 impletur
327 2466 360 2529 in
394 2470 524 2548 utroque
555 2465 675 2531 Graeca
708 2468 878 2531 sententia:
913 2468 1143 2549 nimietates,
1177 2468 1288 2550 inquit,

153 2569 445 2651 inaequalitates
468 2574 562 2634 sunt.
587 2571 698 2635 similis
721 2571 894 2653 inprobitas
918 2575 950 2635 et
971 2590 1027 2655 par
1050 2591 1118 2635 esse
1140 2572 1288 2654 probatur

154 2671 306 2755 impietas,
338 2674 366 2737 si
388 2677 490 2737 totum
512 2675 571 2739 soli
592 2674 711 2758 gratiae
742 2676 790 2739 uel
816 2675 842 2739 si
872 2679 973 2740 totum
1004 2676 1064 2739 soli
1094 2676 1288 2741 adscribatur
1314 2702 1340 2741 20

154 2774 256 2840 labori.
282 2777 357 2858 quid
373 2795 429 2841 nos
445 2781 567 2861 oportet
581 2779 664 2842 inter
678 2779 741 2842 ista‘
756 2780 881 2859 sentire,
898 2780 959 2843 nisi
974 2782 1010 2843 ut
1030 2798 1154 2863 semper
1169 2780 1288 2863 gratiae

155 2879 340 2945 subiciamus
367 2881 507 2946 laborem
531 2885 562 2946 et
584 2901 708 2964 semper
730 2883 865 2967 gratiam
888 2901 959 2947 cum
983 2883 1088 2947 labore
1112 2884 1287 2948 sociemus?

194 2984 251 3050 Sed
279 2989 351 3051 ante
378 2986 485 3051 omnia
511 2987 727 3070 adrogantiam
753 2987 868 3051 laboris
895 2987 1086 3071 refugiamus
1114 3007 1172 3052 nec
1199 2988 1287 3052 nobis

154 3090 314 3170 quicquam
338 3090 375 3154 de
399 3091 465 3153 eius
492 3091 613 3155 meritis
640 3091 849 3171 uindicemus‚
878 3110 916 3154 ne
939 3091 1145 3155 Pharisaeum
1171 3092 1288 3155 imitari

154 3195 309 3259 mortifera
335 3196 501 3259 iactantiae
528 3197 781 3279 praesumptione
807 3196 978 3260 uideamur.
1027 3213 1102 3259 nam
1132 3214 1205 3259 cum
1233 3196 1285 3259 ille
1312 3222 1338 3261 25

155 3313 241 3362 orans
267 3298 480 3363 indubitanter
502 3318 613 3363 uerum
641 3300 771 3363 diceret:
807 3300 931 3363 ieiuno
961 3298 1018 3363 bis
1048 3301 1084 3364 in
1114 3300 1285 3380 sabbato,

155 3400 310 3466 decimae
339 3403 381 3467 do
408 3404 585 3483 omniurn,
618 3421 870 3486 quaecumque
901 3403 1089 3486 possideo,
1121 3403 1287 3468 euacuauit

153 3505 217 3567 ueri
234 3505 337 3588 tidem,
358 3508 431 3589 quia
449 3508 574 3572 ueritati
594 3508 722 3572 miscuit
737 3508 921 3571 uanitatem.
958 3525 1021 3572 non
1041 3525 1114 3590 ergo
1136 3508 1285 3591 operatio,

253 3662 280 3731 8]
297 3662 391 3717 Ioann.
405 3664 430 3727 6,
442 3665 483 3717 44.
536 3662 583 3732 26]
601 3662 666 3718 Luc.
680 3666 720 3728 18,
735 3665 775 3719 12.

198 3809 211 3861 1
230 3812 364 3864 contemtu
382 3809 410 3864 P
471 3812 488 3866 3
506 3809 630 3879 dothaim
648 3809 676 3864 P
738 3813 754 3865 5
773 3810 970 3878 cyrographum
988 3808 1016 3863 P
1066 3811 1083 3864 6
1100 3811 1217 3879 capitoli
1233 3828 1284 3865 aar·

155 3910 240 3951 m
250 3914 304 3953 non
314 3903 402 3954 castor
412 3899 444 3952 in
456 3896 490 3965 P,
502 3899 536 3966 cf.
550 3914 618 3967 qaeu
629 3898 742 3966 exposco
752 3898 785 3951 in
797 3898 866 3953 libro
878 3895 1003 3952 ‘Studien
1014 3896 1079 3951 atbar
1090 3896 1134 3950 dic
1148 3897 1285 3965 Schriften

155 4006 200 4061 ca
217 4007 351 4078 rocam,
365 4014 462 4080 pape
478 4016 503 4065 ec
519 4014 555 4064 22
607 4010 848 4078 arnurpraetatur
866 4009 894 4063 P
944 3974 1094 4063 cauerax'r'c
1111 4009 1139 4063 Ρ
1194 4008 1283 4063 aetra

154 4091 244 4147 hentes
259 4097 285 4150 P
330 4100 363 4153 18
380 4098 554 4173 utroqnaeP
598 4112 677 4165 greca
694 4098 722 4151 Ρ
773 4100 805 4151 19
823 4095 1025 4163 inaequalitates
1043 4096 1149 4165 scripsi,
1168 4096 1282 4163 aequali·

154 4183 220 4234 tates
237 4182 268 4251 P,
288 4188 316 4239 et
334 4183 535 4252 inaequalitates
552 4202 569 4239 o
620 4185 709 4239 uerbis
727 4183 821 4237 similis
839 4182 986 4252 inprobitas
1005 4201 1065 4238 non
1083 4185 1134 4239 buc
1151 4186 1283 4239 sententio

155 4268 296 4326 mimmii
365 4273 399 4327 20
421 4269 596 4324 assorisbatur
616 4272 644 4325 P
711 4274 745 4327 23
767 4271 948 4339 arrogantiam
966 4272 993 4325 P
1060 4272 1094 4325 24
1113 4269 1238 4323 lariseum
1256 4271 1284 4324 P

154 4356 186 4408 25
203 4359 394 4423 praesumtione
414 4358 441 4411 P
490 4359 523 4411 21
542 4357 690 4427 ciluncuauit
709 4360 736 4413 P
785 4360 819 4415 28
837 4359 888 4412 uiri
907 4358 935 4412 P
1113 4442 1126 4473 *

1095 4448 1112 4495 4
