3100 4892
482 433 712 504 Epistularum
730 433 784 488 lib.
798 433 826 487 II
845 435 955 489 82-33.
1227 431 1289 496 417

151 612 250 692 ipsius
280 610 497 674 coniunctione
527 610 591 693 iugi
619 610 831 675 recordatione
862 610 1080 692 conspicimur,
1115 610 1210 673 etiam
1241 627 1292 672 er-

147 713 315 778 terioribus
339 733 547 778 cerneremus.
593 718 665 796 opto
687 714 767 778 bene
791 733 875 798 agas.

646 959 797 1024 XXXIII.

146 1121 269 1161 uouruo
292 1119 411 1161 saucro
434 1119 475 1160 uu
499 1119 693 1161 nrosuouroo
717 1118 859 1168 curruum
875 1121 895 1160 Α
912 1119 954 1160 uu
977 1119 1105 1161 uonoau
1125 1121 1165 1160 ur
1184 1119 1292 1162 suoru

174 1207 357 1248 sereremus
379 1184 592 1268 (renouandae)
614 1206 734 1247 nanum
757 1205 914 1247 occasuro
938 1206 1088 1247 urrscoro
1111 1205 1265 1248 auarorus.
1333 1214 1345 1250 a

192 1341 303 1406 Frater
330 1345 363 1404 et
384 1341 606 1424 conpresbyter
628 1343 736 1404 noster
759 1339 934 1423 capillutus
959 1340 1121 1424 dupliciter
1143 1341 1202 1405 bac
1225 1341 1293 1404 uice

147 1445 240 1510 uobis
267 1449 377 1529 gratus
400 1445 556 1528 apparuit,
587 1445 662 1508 dum
685 1445 805 1527 etipse
829 1445 916 1510 nobis
939 1445 1001 1508 iam
1026 1445 1079 1508 diu
1101 1444 1293 1509 desideratus

147 1548 285 1613 occurrit
313 1553 345 1612 et
370 1548 527 1631 quandam
550 1549 649 1613 uestri
671 1550 881 1631 praesentiam
906 1549 995 1612 uobis
1018 1569 1074 1631 per
1097 1553 1218 1613 uestras
1241 1550 1308 1613 lio.

147 1658 233 1718 teras
256 1657 480 1736 repraesentat.
516 1671 576 1735 quo
599 1653 749 1717 redeunte
765 1654 822 1717 has
839 1652 967 1716 reddere
982 1653 1156 1736 procuraui,
1180 1653 1293 1736 quibus

146 1757 291 1822 debiturn
320 1756 507 1822 beatitudini
536 1761 659 1821 uestrae
689 1758 825 1838 rependo
856 1757 994 1822 caritatis
1018 1757 1165 1821 officium.
1212 1758 1294 1839 quod
1321 1784 1346 1822 ιο

146 1879 224 1927 uero
248 1861 395 1942 scribite,
418 1880 472 1925 cur
495 1862 534 1926 ad
557 1861 720 1943 synodum,
744 1862 825 1925 sicut
847 1861 1020 1925 conlocutio
1042 1860 1154 1926 babuit
1176 1864 1294 1941 nostra,

145 1985 212 2030 uon
234 1966 386 2046 nouerim,
416 1966 491 2029 fecit
513 1966 571 2029 hoc
593 1964 770 2045 iufirmitas,
803 1982 865 2029 non
889 1965 1045 2029 uoluntas.
1092 1965 1152 2048 ipsi
1176 1966 1310 2038 etenim

144 2069 285 2134 recolere
312 2069 454 2154 potestis,
486 2087 582 2152 quam
604 2070 724 2133 fessum
747 2087 798 2132 me
821 2068 991 2153 Burdigala
1013 2069 1155 2133 uideritis
1179 2073 1212 2133 et
1234 2069 1293 2133 hoc

145 2175 268 2254 bieme,
304 2174 425 2256 quando
457 2192 525 2237 esse
555 2173 639 2236 soleo
669 2172 778 2237 fortior
809 2173 913 2253 solito,
944 2173 995 2254 qui
1024 2171 1151 2237 aestiuis
1183 2171 1293 2237 diebus

146 2279 246 2342 etiam
270 2278 303 2343 in
324 2277 460 2360 hospitio
483 2296 553 2341 meo
578 2280 610 2340 et
631 2277 707 2341 locis
730 2275 854 2361 frigidis
869 2277 971 2360 ipsam
988 2277 1293 2341 consuetudinariam

145 2381 366 2446 infirmitatem
389 2384 567 2445 sustentare
590 2381 642 2445 uir
665 2381 765 2460 ualeo,
790 2401 828 2444 uo
852 2381 964 2461 dicam,
989 2381 1070 2463 quod
1093 2381 1163 2445 illos
1187 2385 1293 2445 aestus

147 2485 290 2571 regionis
312 2485 397 2548 illius
420 2485 500 2549 ferre
525 2484 689 2566 quiuerim,
713 2486 739 2547 si
761 2486 930 2548 uenissem.
965 2485 1047 2549 undo
1071 2486 1172 2568 magis
1193 2505 1293 2568 spero,

145 2595 183 2655 ut
206 2608 264 2672 pro
287 2608 338 2652 me
361 2607 448 2654 orare
472 2589 642 2673 dignemini
665 2593 706 2668 et,
728 2587 783 2672 (si)
807 2588 846 2652 ad
868 2591 993 2671 tempus
1017 2589 1111 2670 aliud,
1142 2590 1223 2672 quod
1245 2591 1294 2653 in·

145 2693 282 2773 timetis,
309 2693 335 2756 si
358 2693 434 2756 deus
457 2693 557 2757 uitam
580 2693 721 2773 cesserit,
743 2694 850 2757 neuim
873 2693 980 2774 uultis,
1004 2691 1093 2757 nobis
1115 2712 1171 2775 per
1192 2693 1295 2757 homi·

145 2815 224 2862 uem
256 2800 396 2860 uestrum
427 2797 580 2860 maturius
611 2796 765 2876 iudicetis,
798 2798 870 2877 quia
892 2797 1013 2861 litteras
1036 2799 1157 2861 uestras
1181 2797 1221 2861 ad
1243 2817 1294 2862 me
1321 2825 1346 2862 ευ

147 2901 243 2965 modo
267 2900 444 2965 tardissime
466 2901 592 2964 uenisse
615 2899 767 2984 significo,
793 2899 916 2982 quibua,
948 2901 1006 2965 etsi
1029 2919 1092 2966 non
1114 2919 1169 2984 pro
1193 2901 1294 2986 digui-

146 3009 226 3084 tate,
250 3005 302 3069 uel
324 3022 380 3086 pro
404 3008 506 3069 aetate
530 3023 592 3068 nou
613 3003 764 3069 debemus
779 3005 898 3068 tardius
915 3022 1009 3086 quam
1026 3005 1077 3069 alii
1092 3007 1293 3086 commoneri,

145 3110 201 3192 qni
224 3109 367 3188 sortasse,
392 3112 427 3172 ut
443 3110 545 3172 miuus
561 3108 697 3190 prudens
714 3107 826 3187 dicam,
843 3107 1042 3172 merebamur
1064 3108 1185 3189 ambiri,
1209 3111 1292 3191 quia,

146 3215 173 3279 si
202 3213 273 3277 aliis
301 3230 417 3276 nomeu
440 3213 566 3276 urbium
589 3214 728 3294 praestat
751 3212 929 3292 auotoritas,
961 3212 1051 3276 uobis
1074 3213 1292 3277 auctoritatem

146 3319 275 3381 demere
309 3333 372 3380 uon
406 3314 500 3379 debet
532 3315 620 3379 urbis
653 3315 832 3396 humilitas,
867 3314 1019 3396 siquidem
1050 3316 1150 3379 multo
1181 3317 1292 3380 melius
1333 3344 1345 3380 o

146 3421 311 3501 multoque
343 3420 531 3484 eminentius
554 3423 602 3483 ost
624 3420 785 3483 ciuitatem
809 3418 846 3482 de
870 3419 1040 3498 sacerdote,
1072 3437 1167 3500 quam
1191 3437 1292 3484 sacer·

147 3526 256 3589 dotem
280 3524 317 3586 de
341 3524 468 3587 ciuitate
492 3527 659 3587 notescere.

193 3719 312 3812 letiam
330 3774 410 3812 onec
462 3754 653 3811 exteriobusb'
705 3753 833 3810 2obtoS
884 3754 1292 3822 aereolendoKrcozl.1140,

146 3819 374 3911 colendooddc,
387 3843 473 3899 om.S
524 3843 625 3898 daoS
675 3842 928 3910 9sepraosentatS
980 3842 1011 3896 10
1024 3840 1084 3893 our
1072 3842 1148 3897 ruS
1201 3844 1231 3896 11
1250 3858 1291 3909 sp-

146 3957 294 4011 douumS
346 3955 562 4024 conloquutioS
615 3957 646 4010 12
665 3955 772 4009 enimc
836 3955 1016 4010 taracona
1077 3953 1232 4022 Burdigalia
1249 3955 1292 4008 rael

146 4041 328 4110 Burdigalio
399 4044 431 4098 14
454 4041 596 4097 torciorS
664 4041 709 4109 qui
736 4039 845 4094 aestiuis
872 4041 1055 4109 Luetjcboau,
1083 4041 1183 4108 quias
1171 4039 1294 4094 stiuisS

148 4133 182 4185 lo
201 4129 247 4181 alx
261 4129 321 4184 3²·
309 4147 341 4182 rc
352 4146 404 4183 rus.
459 4131 547 4181 aestus
563 4147 583 4196 c,
602 4130 692 4180 coetus
707 4128 794 4193 SKr,
814 4143 886 4179 aeres
898 4129 977 4195 infru
986 4145 1014 4195 p.
1029 4131 1087 4192 420,
1100 4130 1135 4179 24
1189 4129 1221 4180 18
1234 4125 1292 4191 dig-

146 4214 245 4270 nimini
266 4216 289 4270 S
340 4215 362 4267 si
380 4214 486 4280 addidi,
510 4232 560 4269 one.
581 4215 605 4268 S
655 4213 691 4282 si]
704 4229 754 4276 me,
768 4214 790 4264 si
803 4213 996 4281 Momruaeuus,
1009 4214 1060 4266 Kr.
1069 4220 1132 4281 poet
1144 4211 1165 4264 si
1179 4214 1292 4267 lammae

146 4305 258 4373 signum
267 4303 363 4370 posuit
414 4300 558 4369 alquinus
576 4302 683 4369 scripsi,
702 4299 764 4367 quia
783 4301 812 4363 S,
831 4299 1092 4366 quinMommoecus
1146 4301 1178 4353 22
1197 4314 1250 4351 uon
1268 4317 1292 4364 o,

147 4405 181 4442 uo
201 4389 227 4444 S
277 4387 311 4442 24
329 4389 432 4456 prestat
451 4388 475 4442 S
525 4389 558 4442 27
578 4387 707 4440 uotiscere
726 4389 755 4449 S,
775 4401 917 4440 noscereo

200 4481 256 4522 m.
270 4480 344 4522 Fauna
1104 4473 1136 4521 27
