3100 4892
623 459 687 515 1111.
707 460 817 514 Sermo
834 465 858 516 5.
1246 461 1308 526 241

170 633 436 699 obscurabitur
458 635 493 698 et
514 636 604 699 luna
626 653 696 698 non
720 635 826 700 dabit
848 636 971 701 lumen
996 656 1102 701 suum
1118 640 1155 702 et
1174 639 1309 703 stellae

170 738 302 802 cadent
321 737 364 802 de
384 739 501 818 caelo,
525 737 647 819 quando
665 743 844 822 peccatores
867 744 898 803 et
917 739 1006 822 impii
1026 742 1189 805 mittentur
1207 743 1240 805 in
1260 760 1310 806 ca-

170 843 290 906 minum
320 842 400 926 ignis
432 845 468 906 et
498 843 621 907 tumus
652 847 923 908 tormentorum
952 844 1102 909 illorum
1133 846 1312 910 ascendet

170 946 207 1010 in
230 947 382 1011 saecula
404 947 647 1010 saeculorum.
694 947 746 1011 ibi
770 948 843 1011 erit
864 947 979 1013 fletus
1009 953 1043 1013 et
1066 949 1205 1014 stridor
1227 951 1311 1015 deu-

170 1050 272 1114 tium.
310 1050 393 1114 unde
409 1052 514 1114 ueniet
528 1055 663 1133 tempus,
679 1052 793 1115 fratres
808 1053 974 1133 carissimi,
996 1054 1120 1134 quando
1136 1054 1214 1118 nulli
1229 1053 1310 1118 bono
1349 1081 1363 1121 s

171 1154 230 1218 erit
252 1154 335 1218 male
358 1157 389 1218 et
412 1155 489 1218 nulli
512 1157 594 1220 malo
617 1157 675 1220 erit
698 1155 787 1220 bene.
833 1157 948 1236 ueniet,
971 1158 1110 1239 inquam,
1138 1159 1311 1222 nouissima

171 1259 248 1338 dies,
275 1259 399 1340 quando
423 1259 640 1324 discernuntur
662 1259 704 1342 pii
720 1259 759 1324 ab
783 1261 900 1343 impiis,
923 1261 997 1325 iusti
1020 1261 1059 1326 ab
1083 1262 1217 1342 iniustis,
1244 1263 1312 1326 lau-

170 1363 293 1427 datores
306 1361 355 1426 dei
371 1380 390 1426 a
405 1361 709 1446 blasphematoribus
722 1365 782 1444 dei,
799 1365 923 1447 quando
935 1365 1159 1445 discernentur,
1176 1370 1211 1430 ut
1223 1367 1310 1446 nulli,
1403 1363 1416 1390 ⁴

170 1466 253 1531 sicut
275 1465 395 1531 dietum
417 1471 475 1546 est,
498 1467 579 1531 bono
602 1469 644 1532 sit
666 1468 758 1549 male,
783 1469 861 1533 nulli
884 1470 967 1534 malo
989 1470 1031 1533 sit
1051 1469 1140 1533 bene.

214 1569 316 1650 Quare
332 1588 406 1654 ergo
427 1571 518 1635 modo
541 1589 603 1636 non
627 1573 671 1636 sic
693 1573 773 1636 torte
796 1576 828 1636 et
850 1573 941 1637 modo
965 1573 1020 1653 sio,
1044 1574 1109 1654 sed,
1133 1591 1216 1637 nuno
1231 1573 1311 1654 quod
1340 1601 1365 1641 n

169 1677 219 1738 est
233 1675 266 1739 in
283 1676 414 1755 occulto,
430 1679 506 1738 tuno
522 1676 581 1740 erit
600 1676 633 1739 in
657 1676 846 1741 manifesto?
869 1678 938 1760 lege
962 1678 1149 1759 scripturam
1164 1678 1313 1758 diuinam,

169 1779 333 1862 ingredere
362 1796 496 1859 mecum,
524 1780 550 1843 si
577 1782 678 1861 potes,
704 1781 738 1844 in
761 1782 974 1844 sanctuarium
998 1782 1056 1845 dei.
1102 1781 1181 1845 torte
1204 1779 1259 1861 ibi,
1286 1781 1313 1844 si

170 1901 312 1967 possum,
336 1882 451 1947 docebo
474 1886 515 1948 te.
560 1883 657 1948 immo
672 1884 754 1948 disce
779 1903 903 1949 mecum
927 1884 965 1949 ab
983 1902 1029 1966 eo,
1052 1886 1106 1968 qui
1126 1885 1229 1950 docuit
1251 1905 1313 1965 me,

171 1988 269 2051 etiem
298 2005 381 2051 nuno
410 2005 563 2052 nonense
589 1986 670 2052 bens
697 1989 789 2052 malis
813 1991 845 2052 et
871 1989 985 2053 melius
1008 2008 1077 2053 osse
1103 1989 1194 2054 bonis
1217 2008 1312 2072 qnam

171 2091 274 2171 melis,
303 2092 447 2173 quamuis
474 2092 615 2156 nondum
638 2093 760 2157 uenerit
787 2092 941 2157 bonomm
964 2094 1059 2176 piena
1080 2095 1212 2158 felicitas
1236 2112 1314 2158 non·
1341 2122 1367 2162 rs

171 2197 311 2278 dumque
335 2196 456 2260 uenerit
478 2215 578 2279 poena
600 2197 754 2261 malorum
778 2197 959 2261 nouissima.
998 2198 1026 2261 si
1048 2199 1151 2282 legem
1174 2198 1223 2262 dei
1246 2199 1315 2262 dili·

170 2304 284 2385 genter
308 2299 461 2381 adtendis,
488 2300 569 2365 sorte
595 2301 753 2385 intellegis
782 2319 906 2365 mecum
928 2319 988 2365 non
1014 2320 1083 2366 esse
1109 2300 1189 2366 bene
1213 2303 1313 2366 malis.

171 2422 247 2489 rogo
271 2404 356 2468 enim
379 2407 409 2468 te
434 2407 464 2468 et
487 2422 601 2487 quaero
625 2403 681 2469 abs
704 2409 746 2485 te,
769 2403 827 2469 tibi
851 2423 945 2486 quare
968 2406 1050 2469 male
1074 2407 1143 2470 est?
1187 2425 1316 2488 respon-

171 2527 265 2573 surus
290 2527 322 2572 es
346 2508 437 2572 mihi:
462 2512 585 2592 egestas
609 2509 707 2593 angit,
730 2510 845 2591 premit
867 2509 1046 2590 difficultas,
1074 2510 1161 2574 dolor
1183 2511 1316 2574 fortasse

171 2611 400 2692 membrorum,
424 2613 572 2678 timeret
595 2613 729 2678 inimico.
763 2613 821 2678 tibi
835 2614 904 2678 ideo
927 2615 1010 2678 male
1025 2617 1083 2694 est,
1107 2613 1179 2695 quia
1201 2615 1316 2696 peteris
1344 2643 1370 2681 so

171 2715 269 2798 mala,
294 2720 325 2781 et
347 2716 428 2781 bene
452 2719 501 2781 est
523 2717 579 2798 illi,
603 2718 713 2800 quise
737 2720 841 2800 ipsum
863 2719 982 2782 malum
1006 2719 1146 2802 patitur?
1182 2718 1318 2781 multum

171 2823 308 2886 interest
322 2820 403 2884 inter
420 2822 539 2885 malum
554 2823 619 2905 pati
643 2825 674 2886 et
696 2822 817 2886 malum
840 2840 919 2901 esse,
943 2823 999 2886 sed
1020 2825 1065 2902 tu,
1089 2821 1170 2904 quod
1192 2822 1318 2904 pateris,

173 2943 240 2991 non
272 2943 316 2988 es.
362 2925 481 2988 malum
509 2927 592 2989 enim
622 2926 738 3007 pateris
766 2929 798 2990 et
825 2927 926 2990 malus
954 2942 1017 2991 norr
1045 2945 1087 2990 es.
1134 2925 1186 2990 ille
1214 2929 1319 2990 autem

172 3031 298 3094 malum
322 3046 384 3093 uon
411 3030 530 3112 patitur
552 3034 584 3095 et
612 3031 712 3094 malus
741 3035 799 3095 est.
837 3030 900 3094 noli
924 3047 997 3114 ergo
1019 3031 1097 3095 salli.
1131 3049 1193 3094 nou
1215 3034 1320 3112 potest

172 3135 254 3214 fieri,
279 3137 315 3198 ut
337 3133 394 3197 tibi
416 3135 497 3197 male
521 3135 572 3214 sit,
596 3135 650 3217 qui
672 3136 790 3218 pateris
814 3135 944 3214 malum,
968 3139 1000 3199 et
1021 3135 1066 3198 ilii
1089 3135 1169 3198 bene
1192 3135 1244 3214 sit,
1265 3133 1319 3216 qui
1346 3161 1372 3202 ao

172 3242 225 3302 est
249 3238 363 3302 malus.
410 3255 482 3302 cum
512 3239 595 3303 enim
619 3243 667 3303 est
690 3240 802 3319 malus,
825 3243 929 3322 putas,
958 3240 1118 3321 quianon
1145 3241 1262 3321 patitur
1290 3242 1321 3302 et

174 3343 315 3422 malum,
343 3361 414 3406 cum
441 3343 559 3424 patitur
587 3364 620 3408 se
648 3343 773 3426 ipsum?
818 3343 876 3407 tibi
904 3345 985 3407 male
1013 3348 1076 3423 est,
1103 3345 1176 3426 quia
1202 3343 1321 3407 malum

172 3449 318 3513 alienum
340 3446 457 3527 pateris
481 3447 654 3530 incorpore
677 3451 741 3529 tuo,
766 3453 797 3512 et
820 3448 866 3511 iili
889 3447 970 3512 bene
994 3452 1053 3527 est,
1076 3448 1129 3528 qui
1152 3447 1272 3510 maium
1288 3465 1321 3509 se

173 3554 284 3635 ipsum
308 3551 426 3633 patitur
450 3552 480 3614 in
504 3570 629 3633 corpore
654 3556 731 3616 suo?
764 3552 822 3615 tibi
838 3553 920 3616 male
943 3558 1001 3632 est,
1025 3553 1078 3634 qui
1101 3552 1180 3615 forte
1204 3552 1322 3614 malam

173 3657 278 3722 habes
303 3657 413 3734 uitam,
437 3661 469 3720 et
491 3655 570 3720 bene
594 3660 642 3720 est
664 3656 720 3732 iili,
743 3657 797 3738 qui
821 3657 937 3720 malam
960 3655 1056 3720 hebet
1072 3657 1231 3720 animam?
1255 3658 1322 3719 esto
1348 3683 1375 3721 eo

285 3775 314 3844 2]
334 3773 476 3829 11111111.
492 3778 645 3838 13,42.59;
664 3777 746 3846 Apso.
759 3779 800 3838 19,
813 3781 855 3832 20.
897 3777 924 3846 3]
944 3777 1024 3845 Apoc.
1041 3779 1135 3838 1111.
1177 3777 1206 3846 41
1225 3775 1321 3829 Matth.

172 3869 198 3929 8,
217 3867 252 3920 12
273 3861 307 3915 ul.

219 3971 238 4023 4
260 3966 306 4020 ubi
326 3967 396 4037 Aug.
451 3971 466 4024 5
486 3967 558 4020 nullo
577 3969 607 4021 D
660 3969 676 4020 6
694 3967 853 4038 ueniet-p.
866 3973 957 4034 242st
980 3985 1012 4021 ne
1030 3983 1121 4037 pereas
1140 3983 1200 4019 cum
1220 3966 1269 4034 eis]
1288 3969 1322 4035 es.

173 4060 252 4127 Aug.
266 4059 400 4123 1111148,
414 4059 468 4108 oto
489 4055 542 4122 (38,
555 4059 607 4109 319
625 4055 677 4120 Μ.)
748 4057 763 4110 7
782 4055 967 4109 discernentur
984 4058 1056 4125 Aug.
1121 4057 1137 4110 8
1155 4054 1323 4123 plasphema-

172 4143 285 4199 toribus
305 4141 334 4194 D
388 4144 417 4196 ll
438 4140 569 4196 ocultoD
623 4143 654 4196 12
673 4141 806 4209 ingredire
825 4143 854 4195 Ι)
906 4147 993 4211 potest
1010 4145 1040 4197 D
1094 4145 1125 4197 13
1144 4141 1177 4194 ab
1196 4157 1226 4192 eo
1243 4143 1324 4209 Aap,

173 4230 266 4286 habeo
286 4227 317 4282 1)
389 4230 418 4283 15
438 4227 570 4296 quamuiis
589 4229 618 4282 1)
690 4232 721 4284 19
740 4228 816 4296 angit
834 4231 915 4299 Aug,
933 4229 1022 4296 tangit
1039 4230 1069 4282 D
1139 4227 1278 4280 detioultas
1296 4229 1325 4281 1)

173 4323 210 4376 23
236 4308 323 4370 molir'
348 4315 377 4369 D
445 4318 480 4370 25
499 4321 563 4384 poet
586 4313 686 4368 malum
709 4317 740 4369 io
764 4316 875 4369 Deum
900 4316 998 4384 pateris
1026 4314 1126 4368 malum
1153 4332 1260 4369 aarum
1286 4320 1325 4368 est

173 4409 209 4463 27
231 4403 323 4473 maida
342 4417 404 4454 oum
422 4403 452 4456 D
504 4405 538 4456 30
557 4401 648 4454 uillam
669 4403 741 4471 Aug.

231 4497 292 4542 nr.
306 4497 380 4539 reno.
1139 4491 1170 4540 16
