3100 4892
440 668 667 749 cupidum
694 672 827 750 LIBRI
855 673 1004 750 PRIMI.

648 881 802 889 ...—

234 1042 257 1099 1.
282 1040 406 1099 Omnino
429 1040 561 1115 spiritum
588 1043 719 1098 sanctum
746 1042 843 1114 aperte
866 1040 899 1097 de
922 1039 1014 1115 capite
1037 1038 1111 1110 fidei
1142 1039 1169 1097 id
1193 1041 1237 1097 est
1260 1040 1292 1097 dc

281 1146 407 1219 symbolo
429 1145 661 1219 intellegendum.
1122 1152 1125 1160 '

215 1250 254 1309 Π.
279 1250 358 1319 Quod
388 1266 446 1307 non
469 1248 500 1307 in
523 1248 671 1308 ecclesiam
694 1248 769 1307 sicut
791 1248 823 1306 in
846 1248 979 1323 spiritum
1002 1251 1143 1317 sanctum,
1174 1248 1223 1305 sod
1246 1265 1294 1305 re-

277 1357 356 1413 mota
377 1354 409 1413 in
429 1354 639 1429 praepositione
655 1354 803 1412 ecclesiam
818 1352 986 1411 catholicam
1002 1353 1114 1411 credere
1130 1353 1289 1411 debeamus
1330 1379 1344 1416 5

202 1459 254 1519 III.
279 1459 423 1517 Christum
435 1478 453 1517 a
463 1459 567 1533 spiritu
579 1462 679 1518 sancto
695 1460 792 1532 utpote
805 1458 855 1516 deo
867 1475 926 1517 non
938 1458 1078 1532 genitum,
1094 1457 1143 1515 scd
1156 1459 1290 1516 creatum.

188 1564 253 1621 1111.
280 1564 321 1621 De
343 1564 454 1622 unimte
475 1563 650 1622 testimoniis
672 1564 830 1621 adserenda
852 1562 1036 1637 propheticis.

218 1668 253 1727 V.
277 1668 321 1727 De
342 1668 473 1727 trinitate
495 1670 540 1727 nel
565 1668 696 1727 liberales
719 1667 806 1726 etiam
822 1666 990 1741 discipliuae
1006 1668 1040 1725 de
1055 1666 1148 1725 tribus
1163 1666 1293 1725 sensisse

278 1772 421 1847 personis.

82 1906 87 1914 ·
203 1876 252 1937 VI.
276 1877 351 1936 Dum
370 1876 457 1936 facies
476 1878 568 1952 patris
590 1876 667 1935 filins
690 1876 804 1947 dicitnr,
827 1875 903 1951 patri
926 1892 1089 1949 aequaeuus
1114 1876 1289 1951 agnoscitur.
1320 1898 1344 1937 m

190 1982 253 2041 VII.
277 1980 415 2056 SpIritum
436 1982 528 2056 patris
551 1982 645 2057 ipsum
667 1998 730 2040 esse
753 1980 887 2055 spiritum
911 1982 1052 2039 sanctum.

178 2086 254 2146 vm.
279 2086 321 2145 De
344 2086 432 2162 digito
455 2086 509 2146 dei.

166 2190 255 2250 VIIII.
278 2191 346 2250 Non
367 2194 466 2251 obesse
488 2189 608 2266 spiritns
636 2191 730 2250 suncti
760 2189 871 2259 deitati,
902 2190 976 2263 quod
999 2204 1052 2247 nec
1074 2188 1223 2264 ingeniine
1246 2188 1292 2247 ui·

279 2296 379 2353 deutur
401 2311 464 2353 esse
487 2312 539 2354 nec
562 2295 687 2370 genitus.

218 2400 252 2459 X.
275 2399 413 2474 Spiritum
435 2403 567 2459 sanctum
589 2398 779 2476 perfectorum
803 2416 865 2457 esse
889 2398 1090 2457 charismatum
1114 2397 1288 2473 largitorem.
1321 2424 1343 2461 m

204 2504 252 2563 XI.
276 2504 319 2562 De
348 2504 459 2564 actibus
490 2505 680 2579 apostolorum
711 2503 834 2563 adsertio
862 2502 1004 2561 trinitatis
1031 2503 1160 2573 iteratur,
1192 2502 1240 2561 ubi
1264 2504 1292 2560 ct

278 2608 410 2667 Christus
432 2612 532 2667 contre
559 2608 737 2668 Nouatianos
760 2610 795 2667 ud
818 2609 939 2666 dcundum
962 2606 1170 2681 paenItontiam
1186 2606 1292 2665 missus

278 2713 385 2771 adserit
423 2762 429 2773 .

191 2818 252 2876 XII.
278 2817 331 2875 Dei
352 2817 499 2892 proprium
521 2834 595 2887 esse,
618 2820 650 2876 ut
673 2815 833 2875 sanctificet
855 2819 1023 2876 creaturum.

179 2920 254 2980 XIII.
277 2920 408 2979 Localem
430 2937 489 2979 non
512 2938 576 2979 esse
598 2919 732 2996 spiritum
754 2922 896 2978 sanctum.

199 3142 237 3195 uu
254 3140 327 3195 noc
346 3140 476 3197 courcn
494 3140 753 3197 couniunuruu
771 3140 846 3196 nuo
864 3140 964 3195 aram
982 3140 1111 3195 ruusrr
1128 3141 1292 3195 aruscorr

160 3228 203 3280 nr
221 3211 286 3282 siu
304 3210 376 3283 sco.
400 3228 591 3284 lucremur
614 3228 755 3282 sensum
779 3227 957 3283 curruum
981 3227 1050 3280 vsu
1072 3226 1292 3282 oleumcum-

160 3312 229 3368 uus.
257 3314 435 3370 curruum
461 3315 560 3369 arear
584 3314 688 3368 rrum
715 3317 746 3382 u,
774 3316 814 3369 ru
842 3314 904 3367 aar
932 3314 1075 3368 uomuu
1102 3314 1292 3368 iucundus

160 3400 332 3457 cucurum
354 3400 453 3456 nicar
476 3402 524 3455 un
547 3385 613 3456 sudi
637 3384 701 3456 sd‘o
723 3401 913 3457 discursu
935 3400 1086 3479 Draconi
1105 3400 1210 3454 vuius
1233 3400 1293 3455 uo-

160 3502 274 3569 hIAEP
334 3516 351 3569 2
373 3514 726 3583 omnino-intellegendum
748 3533 799 3571 om.
819 3516 846 3569 P
907 3480 1003 3567 emulans⁰
1021 3515 1046 3569 V
1065 3514 1120 3581 (ino
1143 3532 1214 3569 mou.
1234 3516 1294 3581 ult.)

160 3602 220 3653 iint
236 3606 300 3669 pute
322 3602 362 3657 V¹
422 3601 597 3656 iusserenda
615 3604 642 3657 P
705 3602 873 3671 Setiam&
896 3602 923 3657 V
985 3604 1017 3656 13
1036 3600 1121 3654 sancti
1140 3600 1248 3669 spiritus
1268 3601 1295 3654 P

160 3686 218 3752 quia
234 3689 262 3742 P
319 3688 427 3757 genitus
446 3690 473 3743 P
534 3692 566 3745 14
583 3689 719 3757 ingenitus
737 3690 765 3743 P
832 3692 864 3745 15
883 3688 1058 3757 perfectorem
1076 3689 1103 3742 P
1168 3688 1293 3741 carisma-

160 3804 215 3853 tum
232 3801 288 3856 PV
351 3804 384 3857 16
402 3768 522 3855 adscitis
544 3802 571 3856 V
630 3804 663 3857 17
681 3802 818 3855 nouaticos
837 3802 864 3855 P
917 3802 948 3856 18
967 3800 1094 3853 asseritur
1112 3801 1139 3854 P
1191 3804 1224 3856 20
1244 3799 1293 3854 omr-

159 3884 247 3953 ficetur
267 3888 293 3941 V
350 3888 483 3957 sunctum]
503 3888 721 3943 EXPLICIVNT
740 3886 919 3943 CAPITVLA
938 3886 1036 3940 LIBRI
1055 3886 1160 3942 PRIMI
1184 3887 1214 3955 V,
1233 3887 1292 3942 EX-

161 3970 325 4028 PLICIVNT
346 3974 524 4030 CAPITVLA
542 3976 570 4029 P
