3100 4892
258 412 323 477 408
764 412 892 468 Ruricii

260 589 382 652 mauult
408 590 573 652 nutantem
596 605 632 652 ao
654 587 784 652 dubium
808 587 847 651 ad
870 587 1033 652 seruitium
1058 607 1150 652 suum
1173 586 1307 653 habenis
1330 587 1400 672 piae

260 693 481 757 moderationis
504 691 677 772 adtrahere,
698 689 821 776 (qnam)
836 691 1045 756 errabundum
1061 695 1092 757 et
1107 711 1163 775 per
1178 692 1294 756 saeculi
1311 710 1401 775 prae·

260 797 366 878 cipitia
387 797 563 879 lapsantem
586 796 702 860 acriore
725 795 855 860 uerbere
878 797 1050 861 cohercere.

302 899 375 983 Ipse
407 903 456 964 est
479 899 562 964 enim
584 899 874 982 indulgentissimus
897 902 986 982 pater
1009 900 1154 981 familias,
1184 901 1238 982 qui
1261 900 1401 964 animam

222 1034 234 1072 ⁵
261 1021 351 1068 suam
373 1005 461 1086 ponit
482 1021 538 1086 pro
561 1002 674 1067 ouibus
697 1004 772 1067 suis.
810 1002 877 1085 ipse
900 1007 949 1068 est
970 1003 1071 1068 bonus
1094 1007 1209 1088 pastor,
1234 1005 1285 1086 qui
1308 1021 1400 1068 ouem

260 1107 415 1190 perditam
445 1108 484 1172 ad
510 1107 616 1170 caulas
640 1106 812 1172 dominicae
836 1107 957 1171 mauult
979 1107 1111 1190 propriis
1134 1109 1273 1172 humeris
1294 1125 1400 1191 repor-

260 1213 326 1274 tare
354 1209 514 1290 sollicitus,
545 1228 639 1291 quam
663 1211 799 1275 stimulis
829 1211 1014 1294 urgentibus
1045 1229 1191 1276 reuocare
1222 1212 1399 1276 destrictus.

260 1314 328 1395 ipse
351 1317 399 1378 est
420 1316 510 1397 pater
530 1313 610 1396 plue,
642 1314 696 1396 qui
722 1316 805 1379 male
827 1315 954 1398 prodigo
978 1314 1040 1379 filio
1064 1319 1094 1380 et
1116 1320 1302 1399 praeceptae
1327 1314 1400 1379 sub·

261 1418 396 1482 stantiae
427 1418 582 1482 decoctori
611 1418 651 1482 ad
673 1437 707 1483 se
729 1419 781 1483 uel
804 1438 873 1484 sero
895 1419 1039 1485 redeunti
1061 1438 1123 1484 nou
1146 1421 1248 1485 solum
1272 1419 1401 1484 crimina

210 1553 236 1591 ro
261 1522 417 1587 anteriora
438 1539 500 1586 non
519 1522 653 1605 inputat,
676 1541 788 1586 nerum
804 1523 899 1588 etiam
914 1523 1055 1606 praemia
1071 1523 1188 1588 amissa
1203 1524 1399 1606 multiplicat,

262 1627 336 1690 dum
359 1626 442 1690 ulnis
466 1626 561 1706 louet,
592 1627 706 1690 osculis
729 1627 913 1709 permulcet,
942 1628 1124 1692 muneribus
1148 1628 1239 1708 ditat,
1263 1627 1400 1692 dootdna

262 1729 426 1795 confirmat
447 1748 510 1795 non
532 1733 656 1794 tantum
680 1730 719 1794 ad
742 1731 809 1794 eius
831 1731 1012 1814 indignatus
1033 1730 1226 1812 abscessum,
1250 1735 1400 1812 quantum

261 1836 395 1898 laetatus
426 1834 465 1897 ad
494 1834 639 1898 reditum.
684 1834 751 1916 ipse
775 1834 860 1898 enim
884 1834 1024 1899 omnium
1047 1836 1158 1899 horum
1181 1835 1346 1900 nominum
1367 1835 1399 1898 in

262 1957 296 2002 se
319 1936 447 2002 effectus
468 1938 660 2019 affectusque
676 1938 823 2020 suscepit,
847 1941 892 2020 nt,
917 1939 997 2002 sicut
1011 1939 1087 2004 dicit
1102 1939 1273 2021 apostolus,
1296 1937 1399 2002 multi-

211 2069 235 2108 15
262 2042 340 2106 sarie
362 2042 530 2124 multisque
552 2041 653 2106 modis
673 2060 730 2106 noe
746 2041 882 2106 erudiret
897 2042 1011 2122 uerbis,
1035 2043 1205 2107 instrueret
1221 2042 1398 2124 disciplinis,

260 2147 444 2229 prouocaret
465 2144 637 2226 beneficiis,
667 2146 853 2210 informaret
875 2148 1035 2230 exemplis,
1066 2134 1281 2211 reconciliaret
1301 2163 1398 2228 prece,

260 2250 428 2314 redimeret
457 2251 616 2333 passione,
650 2249 825 2314 uiuificaret
855 2254 969 2330 morte,
1003 2250 1232 2314 inmortalitate
1265 2250 1398 2326 donaret,

262 2353 445 2419 iustificaret
477 2355 712 2434 resurrectione,
748 2355 931 2418 ascensione
961 2357 1100 2437 portaret
1130 2357 1161 2418 et
1190 2353 1398 2417 reconciliatos

261 2477 316 2542 per
332 2459 517 2542 sangninem
533 2477 625 2522 suum
641 2459 673 2522 in
689 2477 770 2539 eam,
795 2477 813 2522 a
829 2477 891 2541 qua
907 2458 1129 2538 excideramus,
1153 2459 1252 2540 patris
1268 2457 1398 2541 gratiam

121 2592 126 2601 ·
209 2589 236 2628 ro
260 2563 454 2628 reformaret.
488 2563 556 2645 ipse
580 2563 663 2626 enim
686 2565 734 2626 eet
755 2563 839 2644 apud
861 2565 982 2645 patrem
1006 2553 1182 2645 propitiatio
1207 2564 1313 2626 nostra
1335 2560 1397 2623 sine

262 2667 433 2731 cessatione
454 2685 625 2750 suggerens
640 2667 751 2748 pietati
766 2685 856 2730 snae:
879 2670 998 2749 pater,
1022 2684 1093 2730 non
1117 2666 1237 2729 solum
1259 2682 1323 2747 pro
1344 2663 1396 2726 his

261 2788 365 2854 rogo,
388 2770 531 2853 sedpro
549 2771 622 2850 hie,
646 2771 706 2852 qui
729 2769 912 2834 credituri
935 2772 1026 2834 sunt
1048 2770 1085 2833 in
1100 2787 1155 2834 me
1170 2788 1235 2852 per
1250 2767 1397 2832 uerbum

262 2875 421 2939 illorum.
467 2877 589 2957 pater,
618 2873 719 2954 uolo,
749 2877 803 2954 ut,
834 2874 898 2938 ubi
932 2892 996 2957 ego
1031 2892 1126 2954 sum,
1162 2873 1298 2955 stipsi
1328 2871 1398 2936 sint

263 2996 414 3042 mecum.
460 2980 583 3060 pater,
605 2978 758 3060 ignosce
781 2977 878 3058 illis,
909 2977 1084 3041 nesciunt
1107 2977 1219 3056 enim,
1243 2977 1331 3058 quid
1350 2974 1397 3039 la·

213 3107 239 3146 re
266 3082 378 3146 ciunt.
424 3081 491 3164 ipse
522 3081 611 3146 nobis
642 3082 752 3145 cotidie
783 3101 838 3164 per
866 3082 1042 3164 apostolum
1066 3098 1158 3144 suum
1182 3081 1315 3145 clamat:
1343 3095 1396 3142 no

262 3187 330 3250 lite
360 3185 518 3269 diligere
548 3185 723 3249 mundum
747 3204 865 3267 neque
889 3203 944 3266 ee,
975 3203 1066 3266 quae
1090 3185 1127 3248 in
1150 3185 1284 3249 mundo
1307 3185 1394 3248 sunt.

263 3290 325 3373 qui
340 3290 437 3354 enim
454 3288 583 3372 diligit
598 3289 789 3370 mundum,
812 3307 882 3354 non
907 3293 964 3353 est
987 3291 1127 3353 caritas
1150 3289 1271 3371 patris
1292 3289 1328 3351 in
1346 3301 1394 3364 eo,

263 3393 351 3476 quia
374 3411 494 3472 omne,
525 3393 620 3474 quod
642 3393 679 3458 in
702 3394 835 3458 mundo
859 3397 929 3474 est,
953 3393 1261 3475 concupiscentia
1283 3389 1395 3456 carnis

263 3501 300 3562 et
318 3497 626 3580 concupiscentia
641 3499 831 3562 oculorum
848 3502 883 3562 et
898 3497 1073 3580 snperbia
1089 3497 1190 3560 uitae
1207 3496 1393 3570 humanae,

367 3695 394 3765 5]
414 3695 478 3749 Luc.
493 3698 533 3759 15,
546 3697 570 3750 5.
635 3692 855 3762 141Hebr.1‚1.
918 3693 963 3762 20]
985 3693 1179 3758 1Ιο11111.2,2.
1246 3692 1292 3763 21]
1310 3691 1392 3746 Iouna

264 3787 304 3848 ll,
317 3786 359 3839 20.
372 3785 406 3838 24
412 3803 419 3844 ;
436 3781 500 3835 Luc.
514 3783 556 3844 23,
569 3783 610 3836 34.
665 3781 711 3850 25]
731 3784 744 3836 1
764 3781 856 3835 Ioann.
871 3783 895 3846 2,
911 3785 949 3836 15.

307 3973 451 4030 lhabenis
469 3992 493 4040 o,
511 3971 612 4026 habens
631 3975 654 4028 S
713 3972 799 4042 pieS
859 3977 973 4041 dquam
992 3973 1055 4027 odd.
1069 3989 1093 4040 o,
1112 3973 1203 4028 oms
1263 3975 1392 4040 tpatorr

263 4091 278 4142 7
298 4086 441 4141 destrictus
458 4087 642 4156 Lactjolocna,
666 4084 802 4138 districtos
825 4087 848 4142 S
898 4089 915 4141 8
938 4085 1007 4138 male
1029 4085 1142 4155 prodigo
1164 4103 1188 4152 c,
1208 4051 1301 4154 meliri
1322 4083 1391 4146 S(-

263 4191 335 4228 mco.
352 4175 413 4240 alt.)
481 4175 635 4242 praeceptae
659 4173 729 4240 Sar
752 4191 825 4227 orca
843 4175 910 4242 alt),
928 4175 962 4242 cf.
979 4191 1007 4243 p.
1024 4176 1116 4240 354ss
1186 4176 1219 4228 10
1246 4167 1393 4225 ueruariS

263 4259 431 4315 ammissaS
483 4262 515 4314 13
527 4260 624 4313 horum
635 4258 785 4314 omniumo
839 4264 870 4315 17
884 4260 1066 4316 redemeretS
1072 4263 1079 4294 ¹
1135 4261 1167 4314 19
1184 4255 1393 4313 excederemusS

263 4347 299 4398 28
317 4348 348 4398 ut
365 4363 446 4400 omo
497 4348 531 4400 26
549 4345 706 4413 dilegareS
761 4348 855 4413 queS
909 4349 943 4402 29
962 4350 989 4400 et
1007 4353 1069 4401 ante
1087 4346 1300 4414 coucupiscentia
1316 4357 1392 4399 orno
