<?xml version="1.0" encoding="UTF-8"?>
<!DOCTYPE html PUBLIC "-//W3C//DTD XHTML 1.0 Transitional//EN"
    "http://www.w3.org/TR/xhtml1/DTD/xhtml1-transitional.dtd">
<html xmlns="http://www.w3.org/1999/xhtml" xml:lang="en" lang="en">
 <head>
  <title>
</title>
<meta http-equiv="Content-Type" content="text/html;charset=utf-8" />
  <meta name='ocr-system' content='tesseract 3.04.00' />
  <meta name='ocr-capabilities' content='ocr_page ocr_carea ocr_par ocr_line ocrx_word'/>
</head>
<body>
  <div class='ocr_page' id='page_1' title='image "./corpusscriptoru19wiengoog_0156.png"; bbox 0 0 3100 4892; ppageno 0'>
   <div class='ocr_carea' id='block_1_1' title="bbox 238 377 964 477">
    <p class='ocr_par' dir='ltr' id='par_1_1' title="bbox 238 377 964 477">
     <span class='ocr_line' id='line_1_1' title="bbox 238 377 964 477; baseline 0.004 -19"><span class='ocrx_word' id='word_1_1' title='bbox 238 404 280 468; x_wconf 82' lang='grc'>70</span> <span class='ocrx_word' id='word_1_2' title='bbox 699 406 721 460; x_wconf 93' lang='grc' dir='ltr'>Ι.</span> <span class='ocrx_word' id='word_1_3' title='bbox 740 406 785 460; x_wconf 89' lang='lat' dir='ltr'>De</span> <span class='ocrx_word' id='word_1_4' title='bbox 802 408 912 477; x_wconf 83' lang='lat' dir='ltr'>gratia</span> <span class='ocrx_word' id='word_1_5' title='bbox 957 377 964 391; x_wconf 33' lang='grc' dir='ltr'><strong><em>ο</em></strong></span> 
     </span>
    </p>
   </div>
   <div class='ocr_carea' id='block_1_2' title="bbox 186 580 1383 3590">
    <p class='ocr_par' dir='ltr' id='par_1_2' title="bbox 186 580 1383 3590">
     <span class='ocr_line' id='line_1_2' title="bbox 238 580 1378 669; baseline 0.008 -26"><span class='ocrx_word' id='word_1_6' title='bbox 238 580 414 644; x_wconf 91' lang='lat' dir='ltr'>euidentem</span> <span class='ocrx_word' id='word_1_7' title='bbox 439 582 581 663; x_wconf 87' lang='lat' dir='ltr'>protinus</span> <span class='ocrx_word' id='word_1_8' title='bbox 609 581 732 646; x_wconf 83' lang='lat' dir='ltr'><strong>dedisse</strong></span> <span class='ocrx_word' id='word_1_9' title='bbox 758 583 912 648; x_wconf 88' lang='lat' dir='ltr'>rationem</span> <span class='ocrx_word' id='word_1_10' title='bbox 940 584 977 648; x_wconf 91' lang='lat' dir='ltr'>de</span> <span class='ocrx_word' id='word_1_11' title='bbox 1004 584 1121 667; x_wconf 87' lang='lat' dir='ltr'>causis,</span> <span class='ocrx_word' id='word_1_12' title='bbox 1148 590 1275 669; x_wconf 87' lang='lat' dir='ltr'>proptor</span> <span class='ocrx_word' id='word_1_13' title='bbox 1302 605 1378 669; x_wconf 89' lang='lat' dir='ltr'>quas</span> 
     </span>
     <span class='ocr_line' id='line_1_3' title="bbox 237 686 1380 773; baseline 0.009 -26"><span class='ocrx_word' id='word_1_14' title='bbox 237 703 299 748; x_wconf 89' lang='lat' dir='ltr'>nou</span> <span class='ocrx_word' id='word_1_15' title='bbox 321 686 449 749; x_wconf 91' lang='lat' dir='ltr'>uideant</span> <span class='ocrx_word' id='word_1_16' title='bbox 474 704 575 767; x_wconf 85' lang='lat' dir='ltr'>neque</span> <span class='ocrx_word' id='word_1_17' title='bbox 601 686 807 770; x_wconf 79' lang='lat' dir='ltr'>intellegant?</span> <span class='ocrx_word' id='word_1_18' title='bbox 838 688 911 770; x_wconf 89' lang='lat' dir='ltr'>quia</span> <span class='ocrx_word' id='word_1_19' title='bbox 937 689 1044 753; x_wconf 87' lang='lat' dir='ltr'>audire</span> <span class='ocrx_word' id='word_1_20' title='bbox 1072 694 1103 755; x_wconf 91' lang='lat' dir='ltr'>et</span> <span class='ocrx_word' id='word_1_21' title='bbox 1129 690 1249 773; x_wconf 86' lang='lat' dir='ltr'>uidero,</span> <span class='ocrx_word' id='word_1_22' title='bbox 1277 691 1380 757; x_wconf 88' lang='lat' dir='ltr'>idest</span> 
     </span>
     <span class='ocr_line' id='line_1_4' title="bbox 236 789 1380 876; baseline 0.006 -23"><span class='ocrx_word' id='word_1_23' title='bbox 236 790 418 873; x_wconf 76' lang='lat' dir='ltr'>intellegere</span> <span class='ocrx_word' id='word_1_24' title='bbox 442 793 474 853; x_wconf 88' lang='lat' dir='ltr'>et</span> <span class='ocrx_word' id='word_1_25' title='bbox 498 789 641 854; x_wconf 90' lang='lat' dir='ltr'>oboedire</span> <span class='ocrx_word' id='word_1_26' title='bbox 668 791 844 856; x_wconf 89' lang='lat' dir='ltr'>noluerunt.</span> <span class='ocrx_word' id='word_1_27' title='bbox 890 793 976 874; x_wconf 87' lang='lat' dir='ltr'>quia,</span> <span class='ocrx_word' id='word_1_28' title='bbox 1003 794 1120 876; x_wconf 88' lang='lat' dir='ltr'>iuquit,</span> <span class='ocrx_word' id='word_1_29' title='bbox 1151 813 1222 859; x_wconf 90' lang='lat' dir='ltr'>uon</span> <span class='ocrx_word' id='word_1_30' title='bbox 1253 813 1380 861; x_wconf 88' lang='lat' dir='ltr'>omues</span> 
     </span>
     <span class='ocr_line' id='line_1_5' title="bbox 237 893 1379 981; baseline 0.007 -24"><span class='ocrx_word' id='word_1_31' title='bbox 237 893 440 958; x_wconf 88' lang='lat' dir='ltr'>oboediunt</span> <span class='ocrx_word' id='word_1_32' title='bbox 456 896 668 978; x_wconf 87' lang='lat' dir='ltr'>euangelio,</span> <span class='ocrx_word' id='word_1_33' title='bbox 689 896 762 978; x_wconf 89' lang='lat' dir='ltr'>quia</span> <span class='ocrx_word' id='word_1_34' title='bbox 776 899 855 960; x_wconf 88' lang='lat' dir='ltr'>tota</span> <span class='ocrx_word' id='word_1_35' title='bbox 874 896 931 960; x_wconf 91' lang='lat' dir='ltr'>die</span> <span class='ocrx_word' id='word_1_36' title='bbox 952 898 1128 981; x_wconf 82' lang='lat' dir='ltr'>expandit</span> <span class='ocrx_word' id='word_1_37' title='bbox 1148 918 1276 964; x_wconf 89' lang='lat' dir='ltr'>manus</span> <span class='ocrx_word' id='word_1_38' title='bbox 1293 918 1379 965; x_wconf 87' lang='lat' dir='ltr'>suas</span> 
     </span>
     <span class='ocr_line' id='line_1_6' title="bbox 195 997 1381 1085; baseline 0.004 -21"><span class='ocrx_word' id='word_1_39' title='bbox 195 1025 209 1064; x_wconf 80' lang='lat' dir='ltr'>s</span> <span class='ocrx_word' id='word_1_40' title='bbox 237 997 280 1061; x_wconf 89' lang='lat' dir='ltr'>ad</span> <span class='ocrx_word' id='word_1_41' title='bbox 309 1000 486 1080; x_wconf 91' lang='lat' dir='ltr'>populum</span> <span class='ocrx_word' id='word_1_42' title='bbox 516 1017 587 1063; x_wconf 93' lang='lat' dir='ltr'>non</span> <span class='ocrx_word' id='word_1_43' title='bbox 617 999 830 1064; x_wconf 89' lang='lat' dir='ltr'>credentem</span> <span class='ocrx_word' id='word_1_44' title='bbox 862 1004 898 1065; x_wconf 91' lang='lat' dir='ltr'>et</span> <span class='ocrx_word' id='word_1_45' title='bbox 926 1002 1265 1085; x_wconf 77' lang='lat' dir='ltr'>contradicentem,</span> <span class='ocrx_word' id='word_1_46' title='bbox 1300 1006 1381 1069; x_wconf 91' lang='lat' dir='ltr'>sicut</span> 
     </span>
     <span class='ocr_line' id='line_1_7' title="bbox 237 1102 1380 1192; baseline 0.008 -27"><span class='ocrx_word' id='word_1_47' title='bbox 237 1102 331 1166; x_wconf 89' lang='lat' dir='ltr'>ctiam</span> <span class='ocrx_word' id='word_1_48' title='bbox 347 1122 403 1185; x_wconf 90' lang='lat' dir='ltr'>per</span> <span class='ocrx_word' id='word_1_49' title='bbox 418 1122 452 1166; x_wconf 90' lang='lat' dir='ltr'>se</span> <span class='ocrx_word' id='word_1_50' title='bbox 468 1103 532 1167; x_wconf 92' lang='lat' dir='ltr'>iam</span> <span class='ocrx_word' id='word_1_51' title='bbox 548 1104 691 1168; x_wconf 90' lang='lat' dir='ltr'>domiuus</span> <span class='ocrx_word' id='word_1_52' title='bbox 707 1104 859 1186; x_wconf 87' lang='lat' dir='ltr'>loquitur:</span> <span class='ocrx_word' id='word_1_53' title='bbox 883 1105 986 1169; x_wconf 84' lang='lat' dir='ltr'>filios</span> <span class='ocrx_word' id='word_1_54' title='bbox 1009 1108 1121 1190; x_wconf 89' lang='lat' dir='ltr'>genui</span> <span class='ocrx_word' id='word_1_55' title='bbox 1144 1110 1180 1171; x_wconf 89' lang='lat' dir='ltr'>et</span> <span class='ocrx_word' id='word_1_56' title='bbox 1203 1109 1380 1192; x_wconf 81' lang='lat' dir='ltr'>exaltaui,</span> 
     </span>
     <span class='ocr_line' id='line_1_8' title="bbox 237 1207 1381 1293; baseline 0.007 -23"><span class='ocrx_word' id='word_1_57' title='bbox 237 1207 311 1288; x_wconf 91' lang='lat' dir='ltr'>ipsi</span> <span class='ocrx_word' id='word_1_58' title='bbox 341 1211 468 1271; x_wconf 89' lang='lat' dir='ltr'>autem</span> <span class='ocrx_word' id='word_1_59' title='bbox 498 1227 553 1271; x_wconf 89' lang='lat' dir='ltr'>mo</span> <span class='ocrx_word' id='word_1_60' title='bbox 584 1213 824 1291; x_wconf 90' lang='lat' dir='ltr'>spreueruut‚</span> <span class='ocrx_word' id='word_1_61' title='bbox 856 1210 1038 1275; x_wconf 89' lang='lat' dir='ltr'>etiterum:</span> <span class='ocrx_word' id='word_1_62' title='bbox 1069 1212 1248 1293; x_wconf 85' lang='lat' dir='ltr'>quoniam</span> <span class='ocrx_word' id='word_1_63' title='bbox 1279 1213 1381 1278; x_wconf 89' lang='lat' dir='ltr'>dere·</span> 
     </span>
     <span class='ocr_line' id='line_1_9' title="bbox 236 1312 1380 1398; baseline 0.009 -25"><span class='ocrx_word' id='word_1_64' title='bbox 236 1312 430 1392; x_wconf 89' lang='lat' dir='ltr'>liquerunt</span> <span class='ocrx_word' id='word_1_65' title='bbox 454 1330 586 1376; x_wconf 89' lang='lat' dir='ltr'>uenam</span> <span class='ocrx_word' id='word_1_66' title='bbox 615 1331 793 1395; x_wconf 88' lang='lat' dir='ltr'>aquarum</span> <span class='ocrx_word' id='word_1_67' title='bbox 820 1314 1031 1379; x_wconf 89' lang='lat' dir='ltr'>uiuentium</span> <span class='ocrx_word' id='word_1_68' title='bbox 1058 1316 1261 1398; x_wconf 91' lang='lat' dir='ltr'>dominum,</span> <span class='ocrx_word' id='word_1_69' title='bbox 1290 1322 1323 1383; x_wconf 89' lang='lat' dir='ltr'>et</span> <span class='ocrx_word' id='word_1_70' title='bbox 1349 1320 1380 1382; x_wconf 90' lang='lat' dir='ltr'>in</span> 
     </span>
     <span class='ocr_line' id='line_1_10' title="bbox 237 1414 1381 1501; baseline 0.006 -23"><span class='ocrx_word' id='word_1_71' title='bbox 237 1414 359 1478; x_wconf 88' lang='lat' dir='ltr'>actibus</span> <span class='ocrx_word' id='word_1_72' title='bbox 388 1417 613 1498; x_wconf 89' lang='lat' dir='ltr'>apostolorum:</span> <span class='ocrx_word' id='word_1_73' title='bbox 644 1417 833 1499; x_wconf 78' lang='lat' dir='ltr'>uidenteS,</span> <span class='ocrx_word' id='word_1_74' title='bbox 862 1418 978 1501; x_wconf 89' lang='lat' dir='ltr'>inquit,</span> <span class='ocrx_word' id='word_1_75' title='bbox 1009 1420 1139 1484; x_wconf 91' lang='lat' dir='ltr'>turbas</span> <span class='ocrx_word' id='word_1_76' title='bbox 1170 1420 1299 1486; x_wconf 91' lang='lat' dir='ltr'>ludaei</span> <span class='ocrx_word' id='word_1_77' title='bbox 1328 1440 1381 1487; x_wconf 92' lang='lat' dir='ltr'>re-</span> 
     </span>
     <span class='ocr_line' id='line_1_11' title="bbox 186 1519 1382 1607; baseline 0.008 -26"><span class='ocrx_word' id='word_1_78' title='bbox 186 1542 212 1583; x_wconf 85' lang='grc' dir='ltr'>ιο</span> <span class='ocrx_word' id='word_1_79' title='bbox 237 1519 330 1599; x_wconf 88' lang='lat' dir='ltr'>ploti</span> <span class='ocrx_word' id='word_1_80' title='bbox 349 1524 436 1585; x_wconf 89' lang='lat' dir='ltr'>sunt</span> <span class='ocrx_word' id='word_1_81' title='bbox 458 1523 537 1585; x_wconf 85' lang='lat' dir='ltr'>uelo</span> <span class='ocrx_word' id='word_1_82' title='bbox 560 1526 596 1586; x_wconf 89' lang='lat' dir='ltr'>et</span> <span class='ocrx_word' id='word_1_83' title='bbox 618 1522 928 1587; x_wconf 79' lang='lat' dir='ltr'>contradicebant</span> <span class='ocrx_word' id='word_1_84' title='bbox 950 1523 1021 1605; x_wconf 88' lang='lat' dir='ltr'>his,</span> <span class='ocrx_word' id='word_1_85' title='bbox 1042 1542 1133 1607; x_wconf 90' lang='lat' dir='ltr'>quac</span> <span class='ocrx_word' id='word_1_86' title='bbox 1156 1526 1310 1590; x_wconf 88' lang='lat' dir='ltr'>aPaulo</span> <span class='ocrx_word' id='word_1_87' title='bbox 1333 1527 1382 1590; x_wconf 92' lang='lat' dir='ltr'>di·</span> 
     </span>
     <span class='ocr_line' id='line_1_12' title="bbox 238 1621 1381 1711; baseline 0.009 -26"><span class='ocrx_word' id='word_1_88' title='bbox 238 1621 429 1705; x_wconf 85' lang='lat' dir='ltr'>cebantur,</span> <span class='ocrx_word' id='word_1_89' title='bbox 446 1625 754 1710; x_wconf 87' lang='lat' dir='ltr'>blasphemantes</span> <span class='ocrx_word' id='word_1_90' title='bbox 771 1626 870 1690; x_wconf 90' lang='lat' dir='ltr'>uiam</span> <span class='ocrx_word' id='word_1_91' title='bbox 882 1628 1034 1708; x_wconf 87' lang='lat' dir='ltr'>domini,</span> <span class='ocrx_word' id='word_1_92' title='bbox 1051 1629 1181 1693; x_wconf 87' lang='lat' dir='ltr'>etitem:</span> <span class='ocrx_word' id='word_1_93' title='bbox 1198 1630 1381 1711; x_wconf 86' lang='lat' dir='ltr'>instabat,</span> 
     </span>
     <span class='ocr_line' id='line_1_13' title="bbox 237 1727 1381 1809; baseline 0.006 -18"><span class='ocrx_word' id='word_1_94' title='bbox 237 1727 350 1809; x_wconf 91' lang='lat' dir='ltr'>inquit,</span> <span class='ocrx_word' id='word_1_95' title='bbox 373 1728 487 1793; x_wconf 93' lang='lat' dir='ltr'>uerbo</span> <span class='ocrx_word' id='word_1_96' title='bbox 510 1730 649 1794; x_wconf 89' lang='lat' dir='ltr'>Paulus</span> <span class='ocrx_word' id='word_1_97' title='bbox 673 1730 891 1795; x_wconf 87' lang='lat' dir='ltr'>testificans</span> <span class='ocrx_word' id='word_1_98' title='bbox 914 1731 1061 1796; x_wconf 89' lang='lat' dir='ltr'>Iudaeis</span> <span class='ocrx_word' id='word_1_99' title='bbox 1086 1752 1168 1797; x_wconf 87' lang='lat' dir='ltr'>esse</span> <span class='ocrx_word' id='word_1_100' title='bbox 1189 1732 1381 1799; x_wconf 81' lang='lat' dir='ltr'>Christum</span> 
     </span>
     <span class='ocr_line' id='line_1_14' title="bbox 237 1832 1383 1920; baseline 0.006 -24"><span class='ocrx_word' id='word_1_101' title='bbox 237 1832 370 1897; x_wconf 89' lang='lat' dir='ltr'>Iesum.</span> <span class='ocrx_word' id='word_1_102' title='bbox 417 1834 766 1899; x_wconf 88' lang='lat' dir='ltr'>contradicentibus</span> <span class='ocrx_word' id='word_1_103' title='bbox 801 1838 924 1899; x_wconf 88' lang='lat' dir='ltr'>autem</span> <span class='ocrx_word' id='word_1_104' title='bbox 953 1836 1031 1901; x_wconf 90' lang='lat' dir='ltr'>illis</span> <span class='ocrx_word' id='word_1_105' title='bbox 1059 1842 1096 1901; x_wconf 90' lang='lat' dir='ltr'>et</span> <span class='ocrx_word' id='word_1_106' title='bbox 1121 1837 1383 1920; x_wconf 85' lang='lat' dir='ltr'>blaspheman-</span> 
     </span>
     <span class='ocr_line' id='line_1_15' title="bbox 237 1937 1383 2026; baseline 0.007 -26"><span class='ocrx_word' id='word_1_107' title='bbox 237 1937 339 2001; x_wconf 89' lang='lat' dir='ltr'>tibus</span> <span class='ocrx_word' id='word_1_108' title='bbox 362 1940 552 2003; x_wconf 84' lang='lat' dir='ltr'>excutiens</span> <span class='ocrx_word' id='word_1_109' title='bbox 579 1939 808 2004; x_wconf 89' lang='lat' dir='ltr'>uestimeuta</span> <span class='ocrx_word' id='word_1_110' title='bbox 837 1959 903 2005; x_wconf 91' lang='lat' dir='ltr'>sua</span> <span class='ocrx_word' id='word_1_111' title='bbox 933 1941 1043 2007; x_wconf 84' lang='lat' dir='ltr'>dixit:</span> <span class='ocrx_word' id='word_1_112' title='bbox 1075 1944 1228 2026; x_wconf 87' lang='lat' dir='ltr'>sanguis</span> <span class='ocrx_word' id='word_1_113' title='bbox 1255 1947 1383 2008; x_wconf 85' lang='lat' dir='ltr'>uester</span> 
     </span>
     <span class='ocr_line' id='line_1_16' title="bbox 187 2044 1382 2129; baseline 0.007 -25"><span class='ocrx_word' id='word_1_114' title='bbox 187 2064 211 2102; x_wconf 77' lang='lat'>1⁵</span> <span class='ocrx_word' id='word_1_115' title='bbox 238 2060 348 2124; x_wconf 89' lang='lat' dir='ltr'>super</span> <span class='ocrx_word' id='word_1_116' title='bbox 370 2046 483 2124; x_wconf 90' lang='lat' dir='ltr'>caput</span> <span class='ocrx_word' id='word_1_117' title='bbox 504 2047 672 2107; x_wconf 90' lang='lat' dir='ltr'>uestrum</span> <span class='ocrx_word' id='word_1_118' title='bbox 695 2044 779 2127; x_wconf 84' lang='lat' dir='ltr'>erit,</span> <span class='ocrx_word' id='word_1_119' title='bbox 807 2045 963 2109; x_wconf 89' lang='lat' dir='ltr'>muudus</span> <span class='ocrx_word' id='word_1_120' title='bbox 988 2064 1053 2129; x_wconf 89' lang='lat' dir='ltr'>ego</span> <span class='ocrx_word' id='word_1_121' title='bbox 1081 2065 1121 2109; x_wconf 85' lang='lat' dir='ltr'>er</span> <span class='ocrx_word' id='word_1_122' title='bbox 1149 2046 1217 2111; x_wconf 92' lang='lat' dir='ltr'>hoc</span> <span class='ocrx_word' id='word_1_123' title='bbox 1243 2048 1315 2111; x_wconf 93' lang='lat' dir='ltr'>iam</span> <span class='ocrx_word' id='word_1_124' title='bbox 1339 2048 1382 2112; x_wconf 89' lang='lat' dir='ltr'>ad</span> 
     </span>
     <span class='ocr_line' id='line_1_17' title="bbox 238 2147 1382 2232; baseline 0.005 -23"><span class='ocrx_word' id='word_1_125' title='bbox 238 2149 369 2229; x_wconf 89' lang='lat' dir='ltr'>gentes</span> <span class='ocrx_word' id='word_1_126' title='bbox 393 2147 533 2211; x_wconf 88' lang='lat' dir='ltr'>uadam.</span> <span class='ocrx_word' id='word_1_127' title='bbox 573 2148 938 2230; x_wconf 87' lang='lat' dir='ltr'>contradicentibus,</span> <span class='ocrx_word' id='word_1_128' title='bbox 969 2150 1078 2232; x_wconf 87' lang='lat' dir='ltr'>inquit,</span> <span class='ocrx_word' id='word_1_129' title='bbox 1109 2150 1189 2215; x_wconf 91' lang='lat' dir='ltr'>illis</span> <span class='ocrx_word' id='word_1_130' title='bbox 1221 2155 1257 2214; x_wconf 89' lang='lat' dir='ltr'>et</span> <span class='ocrx_word' id='word_1_131' title='bbox 1280 2150 1382 2216; x_wconf 89' lang='lat' dir='ltr'>blas-</span> 
     </span>
     <span class='ocr_line' id='line_1_18' title="bbox 238 2250 1382 2338; baseline 0.007 -25"><span class='ocrx_word' id='word_1_132' title='bbox 238 2250 513 2332; x_wconf 89' lang='lat' dir='ltr'>phemantibus.</span> <span class='ocrx_word' id='word_1_133' title='bbox 549 2252 629 2334; x_wconf 83' lang='lat' dir='ltr'>uide,</span> <span class='ocrx_word' id='word_1_134' title='bbox 653 2254 807 2334; x_wconf 91' lang='lat' dir='ltr'>quomodo</span> <span class='ocrx_word' id='word_1_135' title='bbox 829 2255 967 2318; x_wconf 87' lang='lat' dir='ltr'>remedia</span> <span class='ocrx_word' id='word_1_136' title='bbox 987 2254 1101 2338; x_wconf 85' lang='lat' dir='ltr'>ingerit</span> <span class='ocrx_word' id='word_1_137' title='bbox 1123 2255 1262 2320; x_wconf 89' lang='lat' dir='ltr'>modicus</span> <span class='ocrx_word' id='word_1_138' title='bbox 1286 2260 1319 2321; x_wconf 91' lang='lat' dir='ltr'>et</span> <span class='ocrx_word' id='word_1_139' title='bbox 1333 2276 1382 2321; x_wconf 92' lang='lat' dir='ltr'>re-</span> 
     </span>
     <span class='ocr_line' id='line_1_19' title="bbox 238 2357 1382 2444; baseline 0.005 -25"><span class='ocrx_word' id='word_1_140' title='bbox 238 2360 328 2419; x_wconf 86' lang='lat' dir='ltr'>cusat</span> <span class='ocrx_word' id='word_1_141' title='bbox 351 2362 506 2439; x_wconf 89' lang='lat' dir='ltr'>aegrotus.</span> <span class='ocrx_word' id='word_1_142' title='bbox 531 2376 663 2439; x_wconf 87' lang='lat' dir='ltr'>quorum</span> <span class='ocrx_word' id='word_1_143' title='bbox 686 2358 834 2422; x_wconf 89' lang='lat' dir='ltr'>duritiam</span> <span class='ocrx_word' id='word_1_144' title='bbox 858 2359 951 2422; x_wconf 89' lang='lat' dir='ltr'>otiam</span> <span class='ocrx_word' id='word_1_145' title='bbox 979 2357 1091 2423; x_wconf 88' lang='lat' dir='ltr'>beatus</span> <span class='ocrx_word' id='word_1_146' title='bbox 1114 2357 1291 2442; x_wconf 85' lang='lat' dir='ltr'>Stephanus</span> <span class='ocrx_word' id='word_1_147' title='bbox 1315 2362 1382 2444; x_wconf 86' lang='lat' dir='ltr'>pari</span> 
     </span>
     <span class='ocr_line' id='line_1_20' title="bbox 239 2461 1381 2545; baseline 0.005 -22"><span class='ocrx_word' id='word_1_148' title='bbox 239 2461 421 2524; x_wconf 83' lang='lat' dir='ltr'>auctoritate</span> <span class='ocrx_word' id='word_1_149' title='bbox 438 2462 579 2543; x_wconf 90' lang='lat' dir='ltr'>increpat</span> <span class='ocrx_word' id='word_1_150' title='bbox 602 2461 722 2526; x_wconf 87' lang='lat' dir='ltr'>diceus:</span> <span class='ocrx_word' id='word_1_151' title='bbox 745 2463 1002 2527; x_wconf 89' lang='lat' dir='ltr'>incircumcisi</span> <span class='ocrx_word' id='word_1_152' title='bbox 1024 2463 1132 2528; x_wconf 91' lang='lat' dir='ltr'>corde</span> <span class='ocrx_word' id='word_1_153' title='bbox 1156 2468 1192 2528; x_wconf 91' lang='lat' dir='ltr'>ct</span> <span class='ocrx_word' id='word_1_154' title='bbox 1213 2464 1381 2545; x_wconf 82' lang='lat' dir='ltr'>auribus,</span> 
     </span>
     <span class='ocr_line' id='line_1_21' title="bbox 186 2567 1382 2650; baseline 0.006 -23"><span class='ocrx_word' id='word_1_155' title='bbox 186 2586 212 2626; x_wconf 80' lang='lat' dir='ltr'>ao</span> <span class='ocrx_word' id='word_1_156' title='bbox 239 2582 303 2628; x_wconf 90' lang='lat' dir='ltr'>uos</span> <span class='ocrx_word' id='word_1_157' title='bbox 327 2584 472 2648; x_wconf 89' lang='lat' dir='ltr'>semper</span> <span class='ocrx_word' id='word_1_158' title='bbox 495 2567 648 2648; x_wconf 91' lang='lat' dir='ltr'>spiritui</span> <span class='ocrx_word' id='word_1_159' title='bbox 671 2571 801 2631; x_wconf 91' lang='lat' dir='ltr'>sancto</span> <span class='ocrx_word' id='word_1_160' title='bbox 824 2568 1037 2632; x_wconf 87' lang='lat' dir='ltr'>restitistis.</span> <span class='ocrx_word' id='word_1_161' title='bbox 1072 2587 1142 2640; x_wconf 88' lang='lat' dir='ltr'>ecce</span> <span class='ocrx_word' id='word_1_162' title='bbox 1163 2587 1258 2650; x_wconf 87' lang='lat' dir='ltr'>quare</span> <span class='ocrx_word' id='word_1_163' title='bbox 1275 2570 1382 2634; x_wconf 91' lang='lat' dir='ltr'>uidere</span> 
     </span>
     <span class='ocr_line' id='line_1_22' title="bbox 239 2671 1382 2754; baseline 0.004 -21"><span class='ocrx_word' id='word_1_164' title='bbox 239 2687 301 2733; x_wconf 92' lang='lat' dir='ltr'>uou</span> <span class='ocrx_word' id='word_1_165' title='bbox 323 2674 469 2752; x_wconf 91' lang='lat' dir='ltr'>possunt:</span> <span class='ocrx_word' id='word_1_166' title='bbox 496 2672 569 2752; x_wconf 89' lang='lat' dir='ltr'>quia</span> <span class='ocrx_word' id='word_1_167' title='bbox 593 2671 717 2753; x_wconf 91' lang='lat' dir='ltr'>spiritui</span> <span class='ocrx_word' id='word_1_168' title='bbox 744 2676 852 2736; x_wconf 87' lang='lat' dir='ltr'>sancto</span> <span class='ocrx_word' id='word_1_169' title='bbox 878 2672 1031 2736; x_wconf 89' lang='lat' dir='ltr'>resistunt</span> <span class='ocrx_word' id='word_1_170' title='bbox 1053 2676 1145 2754; x_wconf 90' lang='lat' dir='ltr'>atque</span> <span class='ocrx_word' id='word_1_171' title='bbox 1170 2690 1189 2736; x_wconf 89' lang='lat' dir='ltr'>a</span> <span class='ocrx_word' id='word_1_172' title='bbox 1211 2692 1244 2737; x_wconf 89' lang='lat' dir='ltr'>se</span> <span class='ocrx_word' id='word_1_173' title='bbox 1267 2675 1382 2739; x_wconf 91' lang='lat' dir='ltr'>clausis</span> 
     </span>
     <span class='ocr_line' id='line_1_23' title="bbox 239 2775 1382 2862; baseline 0.005 -25"><span class='ocrx_word' id='word_1_174' title='bbox 239 2778 350 2856; x_wconf 91' lang='lat' dir='ltr'>sponte</span> <span class='ocrx_word' id='word_1_175' title='bbox 373 2775 471 2838; x_wconf 90' lang='lat' dir='ltr'>oculis</span> <span class='ocrx_word' id='word_1_176' title='bbox 491 2775 599 2839; x_wconf 91' lang='lat' dir='ltr'>lumen</span> <span class='ocrx_word' id='word_1_177' title='bbox 615 2776 755 2840; x_wconf 89' lang='lat' dir='ltr'>ueritatis</span> <span class='ocrx_word' id='word_1_178' title='bbox 772 2776 949 2839; x_wconf 81' lang='lat' dir='ltr'>excludunt.</span> <span class='ocrx_word' id='word_1_179' title='bbox 984 2777 1067 2858; x_wconf 92' lang='lat' dir='ltr'>quod</span> <span class='ocrx_word' id='word_1_180' title='bbox 1082 2793 1155 2860; x_wconf 93' lang='lat' dir='ltr'>ergo</span> <span class='ocrx_word' id='word_1_181' title='bbox 1170 2778 1203 2840; x_wconf 91' lang='lat' dir='ltr'>in</span> <span class='ocrx_word' id='word_1_182' title='bbox 1219 2779 1382 2862; x_wconf 88' lang='lat' dir='ltr'>euangelio</span> 
     </span>
     <span class='ocr_line' id='line_1_24' title="bbox 239 2879 1383 2960; baseline 0.004 -18"><span class='ocrx_word' id='word_1_183' title='bbox 239 2881 378 2960; x_wconf 86' lang='lat' dir='ltr'>sequitur</span> <span class='ocrx_word' id='word_1_184' title='bbox 391 2883 423 2943; x_wconf 93' lang='lat' dir='ltr'>et</span> <span class='ocrx_word' id='word_1_185' title='bbox 434 2879 522 2944; x_wconf 92' lang='lat' dir='ltr'>dicit:</span> <span class='ocrx_word' id='word_1_186' title='bbox 538 2880 690 2943; x_wconf 86' lang='lat' dir='ltr'>neforto</span> <span class='ocrx_word' id='word_1_187' title='bbox 703 2880 821 2945; x_wconf 92' lang='lat' dir='ltr'>oculis</span> <span class='ocrx_word' id='word_1_188' title='bbox 837 2880 991 2945; x_wconf 90' lang='lat' dir='ltr'>uideant</span> <span class='ocrx_word' id='word_1_189' title='bbox 1006 2884 1041 2944; x_wconf 93' lang='lat' dir='ltr'>et</span> <span class='ocrx_word' id='word_1_190' title='bbox 1057 2880 1211 2945; x_wconf 88' lang='lat' dir='ltr'>auribus</span> <span class='ocrx_word' id='word_1_191' title='bbox 1227 2884 1383 2947; x_wconf 89' lang='lat' dir='ltr'>audiant</span> 
     </span>
     <span class='ocr_line' id='line_1_25' title="bbox 239 2984 1381 3067; baseline 0.004 -21"><span class='ocrx_word' id='word_1_192' title='bbox 239 2987 275 3046; x_wconf 94' lang='lat' dir='ltr'>et</span> <span class='ocrx_word' id='word_1_193' title='bbox 295 2984 403 3047; x_wconf 91' lang='lat' dir='ltr'>corde</span> <span class='ocrx_word' id='word_1_194' title='bbox 426 2984 654 3067; x_wconf 89' lang='lat' dir='ltr'>intellegant</span> <span class='ocrx_word' id='word_1_195' title='bbox 676 2987 713 3048; x_wconf 89' lang='lat' dir='ltr'>et</span> <span class='ocrx_word' id='word_1_196' title='bbox 734 2988 1005 3048; x_wconf 87' lang='lat' dir='ltr'>conuertautur</span> <span class='ocrx_word' id='word_1_197' title='bbox 1029 2989 1064 3048; x_wconf 93' lang='lat' dir='ltr'>et</span> <span class='ocrx_word' id='word_1_198' title='bbox 1087 3002 1213 3049; x_wconf 87' lang='lat' dir='ltr'>sanem</span> <span class='ocrx_word' id='word_1_199' title='bbox 1236 3004 1314 3067; x_wconf 88' lang='lat' dir='ltr'>eos,</span> <span class='ocrx_word' id='word_1_200' title='bbox 1337 3006 1381 3051; x_wconf 89' lang='lat' dir='ltr'>ne</span> 
     </span>
     <span class='ocr_line' id='line_1_26' title="bbox 186 3088 1383 3173; baseline 0.008 -27"><span class='ocrx_word' id='word_1_201' title='bbox 186 3108 212 3147; x_wconf 73' lang='lat' dir='ltr'>aa</span> <span class='ocrx_word' id='word_1_202' title='bbox 239 3088 362 3170; x_wconf 87' lang='lat' dir='ltr'>possint</span> <span class='ocrx_word' id='word_1_203' title='bbox 384 3089 524 3152; x_wconf 91' lang='lat' dir='ltr'>conuerti</span> <span class='ocrx_word' id='word_1_204' title='bbox 548 3091 641 3170; x_wconf 91' lang='lat' dir='ltr'>atque</span> <span class='ocrx_word' id='word_1_205' title='bbox 664 3088 779 3169; x_wconf 90' lang='lat' dir='ltr'>sanari,</span> <span class='ocrx_word' id='word_1_206' title='bbox 804 3088 947 3153; x_wconf 91' lang='lat' dir='ltr'>obdurati</span> <span class='ocrx_word' id='word_1_207' title='bbox 970 3089 1069 3153; x_wconf 91' lang='lat' dir='ltr'>cordis</span> <span class='ocrx_word' id='word_1_208' title='bbox 1093 3090 1205 3153; x_wconf 86' lang='lat' dir='ltr'>uitium</span> <span class='ocrx_word' id='word_1_209' title='bbox 1229 3093 1259 3154; x_wconf 88' lang='lat' dir='ltr'>et</span> <span class='ocrx_word' id='word_1_210' title='bbox 1282 3110 1383 3173; x_wconf 88' lang='lat' dir='ltr'>poena</span> 
     </span>
     <span class='ocr_line' id='line_1_27' title="bbox 238 3192 1378 3274; baseline 0.004 -20"><span class='ocrx_word' id='word_1_211' title='bbox 238 3192 358 3273; x_wconf 89' lang='lat' dir='ltr'>peccati</span> <span class='ocrx_word' id='word_1_212' title='bbox 381 3194 437 3255; x_wconf 91' lang='lat' dir='ltr'>ost.</span> <span class='ocrx_word' id='word_1_213' title='bbox 476 3211 525 3272; x_wconf 88' lang='lat' dir='ltr'>ue,</span> <span class='ocrx_word' id='word_1_214' title='bbox 553 3193 661 3274; x_wconf 88' lang='lat' dir='ltr'>iuquit,</span> <span class='ocrx_word' id='word_1_215' title='bbox 690 3197 960 3257; x_wconf 84' lang='lat' dir='ltr'>conuertentur</span> <span class='ocrx_word' id='word_1_216' title='bbox 988 3197 1023 3257; x_wconf 90' lang='lat' dir='ltr'>ct</span> <span class='ocrx_word' id='word_1_217' title='bbox 1051 3211 1277 3258; x_wconf 81' lang='lat' dir='ltr'>sancmeos</span> <span class='ocrx_word' id='word_1_218' title='bbox 1318 3214 1378 3258; x_wconf 87' lang='lat' dir='ltr'>nou</span> 
     </span>
     <span class='ocr_line' id='line_1_28' title="bbox 239 3296 1381 3380; baseline 0.004 -21"><span class='ocrx_word' id='word_1_219' title='bbox 239 3296 290 3359; x_wconf 92' lang='lat' dir='ltr'>hic</span> <span class='ocrx_word' id='word_1_220' title='bbox 312 3296 480 3359; x_wconf 89' lang='lat' dir='ltr'>sanitatem</span> <span class='ocrx_word' id='word_1_221' title='bbox 504 3296 679 3361; x_wconf 89' lang='lat' dir='ltr'>uolentibus</span> <span class='ocrx_word' id='word_1_222' title='bbox 704 3296 849 3380; x_wconf 84' lang='lat' dir='ltr'>denegat,</span> <span class='ocrx_word' id='word_1_223' title='bbox 874 3297 928 3360; x_wconf 90' lang='lat' dir='ltr'>sed</span> <span class='ocrx_word' id='word_1_224' title='bbox 951 3297 1198 3362; x_wconf 87' lang='lat' dir='ltr'>contradicentes</span> <span class='ocrx_word' id='word_1_225' title='bbox 1221 3316 1381 3363; x_wconf 78' lang='lat' dir='ltr'>resonare</span> 
     </span>
     <span class='ocr_line' id='line_1_29' title="bbox 240 3400 1380 3485; baseline 0.004 -23"><span class='ocrx_word' id='word_1_226' title='bbox 240 3400 332 3480; x_wconf 86' lang='lat' dir='ltr'>nolle,</span> <span class='ocrx_word' id='word_1_227' title='bbox 356 3401 387 3464; x_wconf 93' lang='lat' dir='ltr'>id</span> <span class='ocrx_word' id='word_1_228' title='bbox 410 3404 458 3465; x_wconf 89' lang='lat' dir='ltr'>est</span> <span class='ocrx_word' id='word_1_229' title='bbox 481 3420 543 3465; x_wconf 90' lang='lat' dir='ltr'>nou</span> <span class='ocrx_word' id='word_1_230' title='bbox 559 3401 671 3465; x_wconf 88' lang='lat' dir='ltr'>debere</span> <span class='ocrx_word' id='word_1_231' title='bbox 687 3402 877 3485; x_wconf 89' lang='lat' dir='ltr'>pronuntiat.</span> <span class='ocrx_word' id='word_1_232' title='bbox 913 3402 953 3465; x_wconf 89' lang='lat' dir='ltr'>ad</span> <span class='ocrx_word' id='word_1_233' title='bbox 968 3402 1192 3466; x_wconf 87' lang='lat' dir='ltr'>conferendum</span> <span class='ocrx_word' id='word_1_234' title='bbox 1207 3403 1380 3467; x_wconf 90' lang='lat' dir='ltr'>remedium</span> 
     </span>
     <span class='ocr_line' id='line_1_30' title="bbox 239 3502 1383 3590; baseline 0.003 -22"><span class='ocrx_word' id='word_1_235' title='bbox 239 3505 476 3586; x_wconf 88' lang='lat' dir='ltr'>promptissima</span> <span class='ocrx_word' id='word_1_236' title='bbox 498 3510 546 3569; x_wconf 91' lang='lat' dir='ltr'>est</span> <span class='ocrx_word' id='word_1_237' title='bbox 567 3502 693 3571; x_wconf 85' lang='lat' dir='ltr'>bonitas</span> <span class='ocrx_word' id='word_1_238' title='bbox 717 3506 839 3587; x_wconf 90' lang='lat' dir='ltr'>medici,</span> <span class='ocrx_word' id='word_1_239' title='bbox 863 3506 919 3570; x_wconf 90' lang='lat' dir='ltr'>sed</span> <span class='ocrx_word' id='word_1_240' title='bbox 938 3506 1179 3590; x_wconf 89' lang='lat' dir='ltr'>intemperantia</span> <span class='ocrx_word' id='word_1_241' title='bbox 1198 3508 1383 3572; x_wconf 88' lang='lat' dir='ltr'>contradicit</span> 
     </span>
    </p>
   </div>
   <div class='ocr_carea' id='block_1_3' title="bbox 239 3678 1380 3915">
    <p class='ocr_par' dir='ltr' id='par_1_3' title="bbox 239 3678 1380 3915">
     <span class='ocr_line' id='line_1_31' title="bbox 343 3678 1380 3749; baseline 0.002 -18"><span class='ocrx_word' id='word_1_242' title='bbox 343 3678 371 3747; x_wconf 88' lang='lat'>3]</span> <span class='ocrx_word' id='word_1_243' title='bbox 393 3678 469 3732; x_wconf 84' lang='lat' dir='ltr'>Rom.</span> <span class='ocrx_word' id='word_1_244' title='bbox 491 3682 530 3743; x_wconf 88' lang='lat' dir='ltr'>lo,</span> <span class='ocrx_word' id='word_1_245' title='bbox 550 3682 589 3734; x_wconf 87' lang='grc'>16.</span> <span class='ocrx_word' id='word_1_246' title='bbox 659 3680 688 3749; x_wconf 81' lang='grc'>4]</span> <span class='ocrx_word' id='word_1_247' title='bbox 709 3679 786 3733; x_wconf 88' lang='lat' dir='ltr'>Rom.</span> <span class='ocrx_word' id='word_1_248' title='bbox 806 3683 845 3743; x_wconf 90' lang='grc'>10,</span> <span class='ocrx_word' id='word_1_249' title='bbox 863 3682 910 3744; x_wconf 82' lang='grc'>21;</span> <span class='ocrx_word' id='word_1_250' title='bbox 932 3679 1002 3734; x_wconf 83' lang='lat' dir='ltr'>Esai.</span> <span class='ocrx_word' id='word_1_251' title='bbox 1020 3683 1061 3743; x_wconf 83' lang='lat'>65,</span> <span class='ocrx_word' id='word_1_252' title='bbox 1079 3682 1102 3735; x_wconf 81' lang='lat'>2.</span> <span class='ocrx_word' id='word_1_253' title='bbox 1178 3679 1206 3748; x_wconf 86' lang='lat'>6]</span> <span class='ocrx_word' id='word_1_254' title='bbox 1225 3679 1295 3733; x_wconf 83' lang='lat' dir='ltr'>Esai.</span> <span class='ocrx_word' id='word_1_255' title='bbox 1316 3682 1339 3745; x_wconf 94' lang='grc'>1,</span> <span class='ocrx_word' id='word_1_256' title='bbox 1357 3683 1380 3735; x_wconf 87' lang='grc'>2.</span> 
     </span>
     <span class='ocr_line' id='line_1_32' title="bbox 240 3764 1380 3837; baseline 0.005 -20"><span class='ocrx_word' id='word_1_257' title='bbox 240 3764 268 3833; x_wconf 83' lang='grc'>7]</span> <span class='ocrx_word' id='word_1_258' title='bbox 281 3764 430 3829; x_wconf 79' lang='lat' dir='ltr'>Ieremll,</span> <span class='ocrx_word' id='word_1_259' title='bbox 442 3768 481 3821; x_wconf 89' lang='lat'>13.</span> <span class='ocrx_word' id='word_1_260' title='bbox 536 3766 564 3835; x_wconf 88' lang='lat'>9]</span> <span class='ocrx_word' id='word_1_261' title='bbox 577 3766 636 3820; x_wconf 81' lang='lat' dir='ltr'>Act.</span> <span class='ocrx_word' id='word_1_262' title='bbox 652 3767 744 3831; x_wconf 81' lang='lat'>13‚45.</span> <span class='ocrx_word' id='word_1_263' title='bbox 799 3766 843 3835; x_wconf 92' lang='lat' dir='ltr'>ll]</span> <span class='ocrx_word' id='word_1_264' title='bbox 862 3766 921 3820; x_wconf 78' lang='lat' dir='ltr'>Act.</span> <span class='ocrx_word' id='word_1_265' title='bbox 936 3770 976 3831; x_wconf 90' lang='grc'>18,</span> <span class='ocrx_word' id='word_1_266' title='bbox 987 3771 1010 3823; x_wconf 83' lang='grc'>5.</span> <span class='ocrx_word' id='word_1_267' title='bbox 1065 3768 1110 3837; x_wconf 85' lang='lat'>19]</span> <span class='ocrx_word' id='word_1_268' title='bbox 1128 3766 1278 3831; x_wconf 73' lang='lat' dir='ltr'>Actum.</span> <span class='ocrx_word' id='word_1_269' title='bbox 1335 3767 1380 3836; x_wconf 82' lang='lat'>23]</span> 
     </span>
     <span class='ocr_line' id='line_1_33' title="bbox 239 3851 445 3915; baseline 0.01 -10"><span class='ocrx_word' id='word_1_270' title='bbox 239 3851 336 3905; x_wconf 84' lang='lat' dir='ltr'>Matth.</span> <span class='ocrx_word' id='word_1_271' title='bbox 351 3854 392 3915; x_wconf 81' lang='lat'>13,</span> <span class='ocrx_word' id='word_1_272' title='bbox 406 3855 445 3907; x_wconf 84' lang='lat'>15.</span> 
     </span>
    </p>
   </div>
   <div class='ocr_carea' id='block_1_4' title="bbox 240 4008 1383 4409">
    <p class='ocr_par' dir='ltr' id='par_1_4' title="bbox 285 4008 1380 4080">
     <span class='ocr_line' id='line_1_34' title="bbox 285 4008 1380 4080; baseline 0 -17"><span class='ocrx_word' id='word_1_273' title='bbox 285 4011 408 4063; x_wconf 88' lang='lat' dir='ltr'>lcausas</span> <span class='ocrx_word' id='word_1_274' title='bbox 421 4010 449 4061; x_wconf 90' lang='lat' dir='ltr'><strong><em>P</em></strong></span> <span class='ocrx_word' id='word_1_275' title='bbox 499 4010 675 4076; x_wconf 85' lang='lat' dir='ltr'>2nequaeP</span> <span class='ocrx_word' id='word_1_276' title='bbox 724 4009 818 4063; x_wconf 77' lang='lat' dir='ltr'>ldiae</span> <span class='ocrx_word' id='word_1_277' title='bbox 831 4011 858 4063; x_wconf 89' lang='lat' dir='ltr'><strong><em>P</em></strong></span> <span class='ocrx_word' id='word_1_278' title='bbox 909 4008 1051 4078; x_wconf 85' lang='lat' dir='ltr'>expondio</span> <span class='ocrx_word' id='word_1_279' title='bbox 1102 4024 1203 4065; x_wconf 88' lang='lat' dir='ltr'>measo</span> <span class='ocrx_word' id='word_1_280' title='bbox 1255 4010 1380 4080; x_wconf 78' lang='lat' dir='ltr'>ligendi]</span> 
     </span>
    </p>

    <p class='ocr_par' dir='ltr' id='par_1_5' title="bbox 240 4092 1383 4409">
     <span class='ocr_line' id='line_1_35' title="bbox 241 4092 1380 4163; baseline 0.004 -16"><span class='ocrx_word' id='word_1_281' title='bbox 241 4092 328 4148; x_wconf 80' lang='lat' dir='ltr'>aluric</span> <span class='ocrx_word' id='word_1_282' title='bbox 385 4094 638 4163; x_wconf 77' lang='lat' dir='ltr'>lderelinqucrunt</span> <span class='ocrx_word' id='word_1_283' title='bbox 656 4097 683 4149; x_wconf 89' lang='lat' dir='ltr'><strong><em>P</em></strong></span> <span class='ocrx_word' id='word_1_284' title='bbox 737 4095 969 4153; x_wconf 62' lang='lat' dir='ltr'>courbesaul&gt;</span> <span class='ocrx_word' id='word_1_285' title='bbox 1023 4100 1052 4152; x_wconf 95' lang='grc'>11</span> <span class='ocrx_word' id='word_1_286' title='bbox 1072 4097 1205 4151; x_wconf 86' lang='lat' dir='ltr'>iterumv</span> <span class='ocrx_word' id='word_1_287' title='bbox 1241 4098 1274 4153; x_wconf 86' lang='lat'>13</span> <span class='ocrx_word' id='word_1_288' title='bbox 1292 4100 1380 4151; x_wconf 84' lang='lat' dir='ltr'>autem</span> 
     </span>
     <span class='ocr_line' id='line_1_36' title="bbox 240 4180 1383 4253; baseline 0.004 -20"><span class='ocrx_word' id='word_1_289' title='bbox 240 4180 294 4233; x_wconf 89' lang='lat' dir='ltr'>illis</span> <span class='ocrx_word' id='word_1_290' title='bbox 311 4199 392 4236; x_wconf 75' lang='lat' dir='ltr'>ooav</span> <span class='ocrx_word' id='word_1_291' title='bbox 450 4183 481 4237; x_wconf 82' lang='lat'>14</span> <span class='ocrx_word' id='word_1_292' title='bbox 500 4182 660 4235; x_wconf 86' lang='lat' dir='ltr'>excutientes</span> <span class='ocrx_word' id='word_1_293' title='bbox 675 4225 680 4235; x_wconf 91' lang='lat'><em>.</em></span> <span class='ocrx_word' id='word_1_294' title='bbox 695 4225 700 4235; x_wconf 94' lang='lat'><em>.</em></span> <span class='ocrx_word' id='word_1_295' title='bbox 715 4181 839 4236; x_wconf 84' lang='lat' dir='ltr'>dixerunt</span> <span class='ocrx_word' id='word_1_296' title='bbox 856 4184 884 4236; x_wconf 93' lang='lat' dir='ltr'><strong><em>P</em></strong></span> <span class='ocrx_word' id='word_1_297' title='bbox 941 4185 973 4239; x_wconf 89' lang='lat'>18</span> <span class='ocrx_word' id='word_1_298' title='bbox 992 4186 1099 4253; x_wconf 86' lang='lat' dir='ltr'>egrotus</span> <span class='ocrx_word' id='word_1_299' title='bbox 1119 4184 1147 4237; x_wconf 91' lang='lat' dir='ltr'><strong><em>P</em></strong></span> <span class='ocrx_word' id='word_1_300' title='bbox 1201 4183 1333 4237; x_wconf 85' lang='lat' dir='ltr'>duriciam</span> <span class='ocrx_word' id='word_1_301' title='bbox 1355 4183 1383 4238; x_wconf 93' lang='lat' dir='ltr'><strong><em>P</em></strong></span> 
     </span>
     <span class='ocr_line' id='line_1_37' title="bbox 240 4268 1381 4340; baseline 0.003 -19"><span class='ocrx_word' id='word_1_302' title='bbox 240 4270 272 4323; x_wconf 84' lang='lat'>21</span> <span class='ocrx_word' id='word_1_303' title='bbox 293 4268 394 4335; x_wconf 87' lang='lat' dir='ltr'>adquae</span> <span class='ocrx_word' id='word_1_304' title='bbox 407 4269 435 4322; x_wconf 90' lang='lat' dir='ltr'><strong><em>P</em></strong></span> <span class='ocrx_word' id='word_1_305' title='bbox 485 4271 518 4323; x_wconf 81' lang='lat'>24</span> <span class='ocrx_word' id='word_1_306' title='bbox 537 4273 642 4323; x_wconf 80' lang='lat' dir='ltr'>etanta</span> <span class='ocrx_word' id='word_1_307' title='bbox 659 4272 942 4325; x_wconf 76' lang='lat' dir='ltr'>couuertantnromu</span> <span class='ocrx_word' id='word_1_308' title='bbox 995 4272 1027 4325; x_wconf 85' lang='lat'>25</span> <span class='ocrx_word' id='word_1_309' title='bbox 1047 4269 1148 4339; x_wconf 80' lang='lat' dir='ltr'>adquae</span> <span class='ocrx_word' id='word_1_310' title='bbox 1161 4270 1189 4323; x_wconf 93' lang='lat' dir='ltr'><strong><em>P</em></strong></span> <span class='ocrx_word' id='word_1_311' title='bbox 1240 4272 1274 4326; x_wconf 79' lang='lat'>29</span> <span class='ocrx_word' id='word_1_312' title='bbox 1293 4286 1381 4340; x_wconf 92' lang='lat' dir='ltr'>prom-</span> 
     </span>
     <span class='ocr_line' id='line_1_38' title="bbox 241 4354 391 4409; baseline 0.007 -1"><span class='ocrx_word' id='word_1_313' title='bbox 241 4354 345 4409; x_wconf 88' lang='lat' dir='ltr'>tissima</span> <span class='ocrx_word' id='word_1_314' title='bbox 363 4357 391 4409; x_wconf 96' lang='lat' dir='ltr'><strong><em>P</em></strong></span> 
     </span>
    </p>
   </div>
   <div class='ocr_carea' id='block_1_5' title="bbox 0 0 1557 4892">
    <p class='ocr_par' dir='ltr' id='par_1_6' title="bbox 0 0 1557 4892">
     <span class='ocr_line' id='line_1_39' title="bbox 0 0 1557 4892; baseline 0 0"><span class='ocrx_word' id='word_1_315' title='bbox 0 0 1557 4892; x_wconf 95' lang='lat' dir='ltr'> </span> 
     </span>
    </p>
   </div>
  </div>
 </body>
</html>
