<?xml version="1.0" encoding="UTF-8"?>
<!DOCTYPE html PUBLIC "-//W3C//DTD XHTML 1.0 Transitional//EN"
    "http://www.w3.org/TR/xhtml1/DTD/xhtml1-transitional.dtd">
<html xmlns="http://www.w3.org/1999/xhtml" xml:lang="en" lang="en">
 <head>
  <title>
</title>
<meta http-equiv="Content-Type" content="text/html;charset=utf-8" />
  <meta name='ocr-system' content='tesseract 3.04.00' />
  <meta name='ocr-capabilities' content='ocr_page ocr_carea ocr_par ocr_line ocrx_word'/>
</head>
<body>
  <div class='ocr_page' id='page_1' title='image "./corpusscriptoru19wiengoog_0410.png"; bbox 0 0 3100 4892; ppageno 0'>
   <div class='ocr_carea' id='block_1_1' title="bbox 270 419 962 491">
    <p class='ocr_par' dir='ltr' id='par_1_1' title="bbox 270 419 962 491">
     <span class='ocr_line' id='line_1_1' title="bbox 270 419 962 491; baseline 0.006 -9"><span class='ocrx_word' id='word_1_1' title='bbox 270 419 336 491; x_wconf 81' lang='grc'>324</span> <span class='ocrx_word' id='word_1_2' title='bbox 709 422 774 484; x_wconf 88' lang='grc' dir='ltr'>ΙΙΙΙ.</span> <span class='ocrx_word' id='word_1_3' title='bbox 794 425 902 483; x_wconf 83' lang='lat' dir='ltr'>Sermo</span> <span class='ocrx_word' id='word_1_4' title='bbox 921 427 962 486; x_wconf 79' lang='lat'>25.</span> 
     </span>
    </p>
   </div>
   <div class='ocr_carea' id='block_1_2' title="bbox 228 602 1403 1314">
    <p class='ocr_par' dir='ltr' id='par_1_2' title="bbox 228 602 1403 1314">
     <span class='ocr_line' id='line_1_2' title="bbox 270 602 1403 694; baseline 0.004 -28"><span class='ocrx_word' id='word_1_5' title='bbox 270 603 353 667; x_wconf 88' lang='lat' dir='ltr'>dare.</span> <span class='ocrx_word' id='word_1_6' title='bbox 399 602 426 666; x_wconf 90' lang='lat' dir='ltr'>si</span> <span class='ocrx_word' id='word_1_7' title='bbox 439 602 647 694; x_wconf 63' lang='lat' dir='ltr'>,possibilitas</span> <span class='ocrx_word' id='word_1_8' title='bbox 678 621 739 668; x_wconf 92' lang='lat' dir='ltr'>ncn</span> <span class='ocrx_word' id='word_1_9' title='bbox 767 604 859 669; x_wconf 83' lang='lat' dir='ltr'>merit</span> <span class='ocrx_word' id='word_1_10' title='bbox 887 605 1056 685; x_wconf 89' lang='lat' dir='ltr'>ieiunandi,</span> <span class='ocrx_word' id='word_1_11' title='bbox 1088 604 1260 689; x_wconf 78' lang='lat' dir='ltr'><strong>elimosyna</strong></span> <span class='ocrx_word' id='word_1_12' title='bbox 1292 605 1403 671; x_wconf 86' lang='lat' dir='ltr'>sufficit</span> 
     </span>
     <span class='ocr_line' id='line_1_3' title="bbox 269 705 1402 793; baseline 0.004 -22"><span class='ocrx_word' id='word_1_13' title='bbox 269 705 329 771; x_wconf 90' lang='lat' dir='ltr'>sibi</span> <span class='ocrx_word' id='word_1_14' title='bbox 362 707 429 772; x_wconf 92' lang='lat' dir='ltr'>sine</span> <span class='ocrx_word' id='word_1_15' title='bbox 458 707 583 788; x_wconf 92' lang='lat' dir='ltr'>ieiunio,</span> <span class='ocrx_word' id='word_1_16' title='bbox 612 707 762 771; x_wconf 88' lang='lat' dir='ltr'>ieiunium</span> <span class='ocrx_word' id='word_1_17' title='bbox 789 713 864 773; x_wconf 81' lang='lat' dir='ltr'>bero</span> <span class='ocrx_word' id='word_1_18' title='bbox 893 709 959 773; x_wconf 91' lang='lat' dir='ltr'>sine</span> <span class='ocrx_word' id='word_1_19' title='bbox 987 709 1159 793; x_wconf 78' lang='lat' dir='ltr'><strong>elimosyna</strong></span> <span class='ocrx_word' id='word_1_20' title='bbox 1185 711 1314 774; x_wconf 92' lang='lat' dir='ltr'>omnino</span> <span class='ocrx_word' id='word_1_21' title='bbox 1344 729 1402 775; x_wconf 91' lang='lat' dir='ltr'>nou</span> 
     </span>
     <span class='ocr_line' id='line_1_4' title="bbox 269 810 1403 897; baseline 0.003 -21"><span class='ocrx_word' id='word_1_22' title='bbox 269 810 392 876; x_wconf 86' lang='lat' dir='ltr'>sufficit.</span> <span class='ocrx_word' id='word_1_23' title='bbox 427 829 500 895; x_wconf 85' lang='lat' dir='ltr'>ergo</span> <span class='ocrx_word' id='word_1_24' title='bbox 523 812 550 875; x_wconf 93' lang='lat' dir='ltr'>si</span> <span class='ocrx_word' id='word_1_25' title='bbox 572 812 684 893; x_wconf 88' lang='lat' dir='ltr'>aliquis</span> <span class='ocrx_word' id='word_1_26' title='bbox 707 829 769 877; x_wconf 91' lang='lat' dir='ltr'>non</span> <span class='ocrx_word' id='word_1_27' title='bbox 793 815 899 895; x_wconf 88' lang='lat' dir='ltr'>potest</span> <span class='ocrx_word' id='word_1_28' title='bbox 921 813 1068 894; x_wconf 88' lang='lat' dir='ltr'>ieiunare,</span> <span class='ocrx_word' id='word_1_29' title='bbox 1093 814 1265 897; x_wconf 84' lang='lat' dir='ltr'><strong>elimosyna</strong></span> <span class='ocrx_word' id='word_1_30' title='bbox 1289 814 1403 897; x_wconf 83' lang='lat' dir='ltr'>absque</span> 
     </span>
     <span class='ocr_line' id='line_1_5' title="bbox 267 915 1401 1002; baseline 0.002 -22"><span class='ocrx_word' id='word_1_31' title='bbox 267 917 381 981; x_wconf 91' lang='lat' dir='ltr'>ieiunio</span> <span class='ocrx_word' id='word_1_32' title='bbox 403 915 520 980; x_wconf 92' lang='lat' dir='ltr'>bonum</span> <span class='ocrx_word' id='word_1_33' title='bbox 544 920 599 980; x_wconf 92' lang='lat' dir='ltr'>est.</span> <span class='ocrx_word' id='word_1_34' title='bbox 625 916 651 980; x_wconf 90' lang='lat' dir='ltr'>si</span> <span class='ocrx_word' id='word_1_35' title='bbox 673 933 748 981; x_wconf 91' lang='lat' dir='ltr'>uero</span> <span class='ocrx_word' id='word_1_36' title='bbox 769 917 931 999; x_wconf 86' lang='lat' dir='ltr'>praeuaiet</span> <span class='ocrx_word' id='word_1_37' title='bbox 953 917 1103 982; x_wconf 91' lang='lat' dir='ltr'>ieiunium</span> <span class='ocrx_word' id='word_1_38' title='bbox 1126 936 1199 982; x_wconf 90' lang='lat' dir='ltr'>cnm</span> <span class='ocrx_word' id='word_1_39' title='bbox 1222 919 1401 1002; x_wconf 79' lang='lat' dir='ltr'><strong>elimosyna,</strong></span> 
     </span>
     <span class='ocr_line' id='line_1_6' title="bbox 228 1019 1401 1105; baseline 0.003 -20"><span class='ocrx_word' id='word_1_40' title='bbox 228 1045 241 1085; x_wconf 83' lang='lat' dir='ltr'>s</span> <span class='ocrx_word' id='word_1_41' title='bbox 268 1021 380 1104; x_wconf 82' lang='lat' dir='ltr'>duplex</span> <span class='ocrx_word' id='word_1_42' title='bbox 395 1021 512 1086; x_wconf 91' lang='lat' dir='ltr'>bonum</span> <span class='ocrx_word' id='word_1_43' title='bbox 528 1024 586 1101; x_wconf 88' lang='lat' dir='ltr'>est,</span> <span class='ocrx_word' id='word_1_44' title='bbox 608 1019 771 1102; x_wconf 86' lang='lat' dir='ltr'>&lt;ieiunium</span> <span class='ocrx_word' id='word_1_45' title='bbox 787 1039 862 1086; x_wconf 90' lang='lat' dir='ltr'>uero</span> <span class='ocrx_word' id='word_1_46' title='bbox 878 1021 945 1087; x_wconf 90' lang='lat' dir='ltr'>sine</span> <span class='ocrx_word' id='word_1_47' title='bbox 961 1022 1134 1105; x_wconf 76' lang='lat' dir='ltr'>elimosyna</span> <span class='ocrx_word' id='word_1_48' title='bbox 1149 1023 1271 1087; x_wconf 89' lang='lat' dir='ltr'>nullum</span> <span class='ocrx_word' id='word_1_49' title='bbox 1287 1023 1401 1088; x_wconf 90' lang='lat' dir='ltr'>bonurn</span> 
     </span>
     <span class='ocr_line' id='line_1_7' title="bbox 238 1124 1399 1218; baseline 0.001 -29"><span class='ocrx_word' id='word_1_50' title='bbox 238 1127 339 1218; x_wconf 25' lang='lat' dir='ltr'>lest),</span> <span class='ocrx_word' id='word_1_51' title='bbox 366 1124 427 1189; x_wconf 90' lang='lat' dir='ltr'>nisi</span> <span class='ocrx_word' id='word_1_52' title='bbox 449 1125 528 1189; x_wconf 86' lang='lat' dir='ltr'>forte</span> <span class='ocrx_word' id='word_1_53' title='bbox 550 1124 594 1189; x_wconf 83' lang='lat' dir='ltr'>ita</span> <span class='ocrx_word' id='word_1_54' title='bbox 616 1125 657 1189; x_wconf 91' lang='lat' dir='ltr'>sit</span> <span class='ocrx_word' id='word_1_55' title='bbox 679 1125 791 1208; x_wconf 88' lang='lat' dir='ltr'>aliquis</span> <span class='ocrx_word' id='word_1_56' title='bbox 818 1143 946 1209; x_wconf 81' lang='lat' dir='ltr'>pauper,</span> <span class='ocrx_word' id='word_1_57' title='bbox 973 1129 1009 1190; x_wconf 91' lang='lat' dir='ltr'>ut</span> <span class='ocrx_word' id='word_1_58' title='bbox 1036 1144 1097 1190; x_wconf 92' lang='lat' dir='ltr'>non</span> <span class='ocrx_word' id='word_1_59' title='bbox 1125 1126 1241 1190; x_wconf 89' lang='lat' dir='ltr'>habeat</span> <span class='ocrx_word' id='word_1_60' title='bbox 1267 1128 1399 1208; x_wconf 87' lang='lat' dir='ltr'>omnine,</span> 
     </span>
     <span class='ocr_line' id='line_1_8' title="bbox 266 1228 1399 1314; baseline 0.003 -21"><span class='ocrx_word' id='word_1_61' title='bbox 266 1229 348 1311; x_wconf 89' lang='lat' dir='ltr'>quod</span> <span class='ocrx_word' id='word_1_62' title='bbox 370 1229 497 1294; x_wconf 86' lang='lat' dir='ltr'>tribuat.</span> <span class='ocrx_word' id='word_1_63' title='bbox 543 1229 605 1293; x_wconf 88' lang='lat' dir='ltr'>iltis</span> <span class='ocrx_word' id='word_1_64' title='bbox 633 1247 717 1312; x_wconf 87' lang='lat' dir='ltr'>ergo,</span> <span class='ocrx_word' id='word_1_65' title='bbox 748 1229 802 1312; x_wconf 89' lang='lat' dir='ltr'>qui</span> <span class='ocrx_word' id='word_1_66' title='bbox 825 1247 887 1294; x_wconf 91' lang='lat' dir='ltr'>non</span> <span class='ocrx_word' id='word_1_67' title='bbox 910 1228 1087 1311; x_wconf 78' lang='lat' dir='ltr'>habuerint,</span> <span class='ocrx_word' id='word_1_68' title='bbox 1118 1231 1199 1294; x_wconf 87' lang='lat' dir='ltr'>unde</span> <span class='ocrx_word' id='word_1_69' title='bbox 1221 1231 1399 1314; x_wconf 78' lang='lat' dir='ltr'>retribuere,</span> 
     </span>
    </p>
   </div>
   <div class='ocr_carea' id='block_1_3' title="bbox 267 1330 1513 1417">
    <p class='ocr_par' dir='ltr' id='par_1_3' title="bbox 267 1330 1513 1417">
     <span class='ocr_line' id='line_1_9' title="bbox 267 1330 1513 1417; baseline -0.002 -21"><span class='ocrx_word' id='word_1_70' title='bbox 267 1333 385 1398; x_wconf 86' lang='lat' dir='ltr'>sufficit</span> <span class='ocrx_word' id='word_1_71' title='bbox 418 1333 564 1398; x_wconf 86' lang='lat' dir='ltr'>uoluntas</span> <span class='ocrx_word' id='word_1_72' title='bbox 597 1330 680 1398; x_wconf 85' lang='lat' dir='ltr'>bona</span> <span class='ocrx_word' id='word_1_73' title='bbox 713 1334 884 1397; x_wconf 90' lang='lat' dir='ltr'>secundum</span> <span class='ocrx_word' id='word_1_74' title='bbox 914 1334 1005 1415; x_wconf 91' lang='lat' dir='ltr'>illud,</span> <span class='ocrx_word' id='word_1_75' title='bbox 1041 1335 1123 1415; x_wconf 88' lang='lat' dir='ltr'>qued</span> <span class='ocrx_word' id='word_1_76' title='bbox 1153 1335 1306 1417; x_wconf 90' lang='lat' dir='ltr'>scriptum</span> <span class='ocrx_word' id='word_1_77' title='bbox 1338 1340 1398 1399; x_wconf 88' lang='lat' dir='ltr'>est:</span> <span class='ocrx_word' id='word_1_78' title='bbox 1512 1375 1513 1394; x_wconf 38' lang='lat' dir='ltr'>r</span> 
     </span>
    </p>
   </div>
   <div class='ocr_carea' id='block_1_4' title="bbox 214 1438 1513 1609">
    <p class='ocr_par' dir='ltr' id='par_1_4' title="bbox 214 1438 1513 1609">
     <span class='ocr_line' id='line_1_10' title="bbox 265 1438 1513 1522; baseline 0.001 -21"><span class='ocrx_word' id='word_1_79' title='bbox 265 1438 385 1522; x_wconf 84' lang='lat' dir='ltr'>gloria</span> <span class='ocrx_word' id='word_1_80' title='bbox 407 1439 443 1502; x_wconf 93' lang='lat' dir='ltr'>in</span> <span class='ocrx_word' id='word_1_81' title='bbox 466 1438 625 1502; x_wconf 88' lang='lat' dir='ltr'>excelsis</span> <span class='ocrx_word' id='word_1_82' title='bbox 648 1438 715 1502; x_wconf 89' lang='lat' dir='ltr'>deo</span> <span class='ocrx_word' id='word_1_83' title='bbox 737 1441 773 1501; x_wconf 91' lang='lat' dir='ltr'>et</span> <span class='ocrx_word' id='word_1_84' title='bbox 791 1439 826 1502; x_wconf 92' lang='lat' dir='ltr'>in</span> <span class='ocrx_word' id='word_1_85' title='bbox 849 1441 950 1504; x_wconf 89' lang='lat' dir='ltr'>terra</span> <span class='ocrx_word' id='word_1_86' title='bbox 971 1457 1039 1522; x_wconf 85' lang='lat' dir='ltr'>pax</span> <span class='ocrx_word' id='word_1_87' title='bbox 1054 1438 1270 1504; x_wconf 91' lang='lat' dir='ltr'>hominibus</span> <span class='ocrx_word' id='word_1_88' title='bbox 1286 1438 1398 1504; x_wconf 90' lang='lat' dir='ltr'>bonae</span> <span class='ocrx_word' id='word_1_89' title='bbox 1512 1507 1513 1520; x_wconf 49' lang='lat'>,</span> 
     </span>
     <span class='ocr_line' id='line_1_11' title="bbox 214 1523 1513 1609; baseline -0.005 -3"><span class='ocrx_word' id='word_1_90' title='bbox 214 1571 239 1609; x_wconf 84' lang='grc' dir='ltr'>ιο</span> <span class='ocrx_word' id='word_1_91' title='bbox 265 1543 483 1606; x_wconf 89' lang='lat' dir='ltr'>uoluntatis.</span> <span class='ocrx_word' id='word_1_92' title='bbox 1512 1523 1513 1554; x_wconf 65' lang='lat'><strong>³</strong></span> 
     </span>
    </p>
   </div>
   <div class='ocr_carea' id='block_1_5' title="bbox 264 1646 1513 1834">
    <p class='ocr_par' dir='ltr' id='par_1_5' title="bbox 264 1646 1513 1834">
     <span class='ocr_line' id='line_1_12' title="bbox 309 1646 1513 1740; baseline -0.001 -29"><span class='ocrx_word' id='word_1_93' title='bbox 309 1646 369 1711; x_wconf 83' lang='lat' dir='ltr'>Sed</span> <span class='ocrx_word' id='word_1_94' title='bbox 389 1647 458 1728; x_wconf 90' lang='lat' dir='ltr'>qnis</span> <span class='ocrx_word' id='word_1_95' title='bbox 484 1647 553 1726; x_wconf 91' lang='lat' dir='ltr'>erit,</span> <span class='ocrx_word' id='word_1_96' title='bbox 576 1646 627 1727; x_wconf 89' lang='lat' dir='ltr'>qui</span> <span class='ocrx_word' id='word_1_97' title='bbox 651 1666 684 1711; x_wconf 90' lang='lat' dir='ltr'>se</span> <span class='ocrx_word' id='word_1_98' title='bbox 708 1647 809 1730; x_wconf 91' lang='lat' dir='ltr'>pessit</span> <span class='ocrx_word' id='word_1_99' title='bbox 832 1665 989 1728; x_wconf 86' lang='lat' dir='ltr'>excusare,</span> <span class='ocrx_word' id='word_1_100' title='bbox 1012 1665 1084 1711; x_wconf 89' lang='lat' dir='ltr'>eum</span> <span class='ocrx_word' id='word_1_101' title='bbox 1108 1647 1203 1712; x_wconf 91' lang='lat' dir='ltr'>etiam</span> <span class='ocrx_word' id='word_1_102' title='bbox 1226 1666 1282 1731; x_wconf 94' lang='lat' dir='ltr'>pro</span> <span class='ocrx_word' id='word_1_103' title='bbox 1306 1648 1396 1712; x_wconf 88' lang='lat' dir='ltr'>calice</span> <span class='ocrx_word' id='word_1_104' title='bbox 1512 1691 1513 1740; x_wconf 67' lang='lat'><em>2</em></span> 
     </span>
     <span class='ocr_line' id='line_1_13' title="bbox 264 1750 1513 1834; baseline 0.001 -21"><span class='ocrx_word' id='word_1_105' title='bbox 264 1769 363 1832; x_wconf 89' lang='lat' dir='ltr'>aquae</span> <span class='ocrx_word' id='word_1_106' title='bbox 392 1750 523 1834; x_wconf 82' lang='lat' dir='ltr'>frigidae</span> <span class='ocrx_word' id='word_1_107' title='bbox 552 1751 727 1815; x_wconf 80' lang='lat' dir='ltr'>mercedem</span> <span class='ocrx_word' id='word_1_108' title='bbox 761 1770 795 1814; x_wconf 92' lang='lat' dir='ltr'>se</span> <span class='ocrx_word' id='word_1_109' title='bbox 825 1751 969 1815; x_wconf 89' lang='lat' dir='ltr'>deminus</span> <span class='ocrx_word' id='word_1_110' title='bbox 1003 1752 1196 1816; x_wconf 91' lang='lat' dir='ltr'>redditurum</span> <span class='ocrx_word' id='word_1_111' title='bbox 1232 1771 1300 1816; x_wconf 87' lang='lat' dir='ltr'>esse</span> <span class='ocrx_word' id='word_1_112' title='bbox 1329 1769 1395 1834; x_wconf 79' lang='lat' dir='ltr'>pre</span> <span class='ocrx_word' id='word_1_113' title='bbox 1512 1781 1513 1788; x_wconf 45' lang='lat'>,</span> 
     </span>
    </p>
   </div>
   <div class='ocr_carea' id='block_1_6' title="bbox 210 1853 1395 2147">
    <p class='ocr_par' dir='ltr' id='par_1_6' title="bbox 210 1853 1395 2147">
     <span class='ocr_line' id='line_1_14' title="bbox 264 1853 1391 1938; baseline 0.001 -21"><span class='ocrx_word' id='word_1_114' title='bbox 264 1855 403 1918; x_wconf 81' lang='lat' dir='ltr'>miserit?</span> <span class='ocrx_word' id='word_1_115' title='bbox 448 1858 478 1918; x_wconf 87' lang='lat' dir='ltr'>et</span> <span class='ocrx_word' id='word_1_116' title='bbox 501 1872 597 1935; x_wconf 88' lang='lat' dir='ltr'>quare</span> <span class='ocrx_word' id='word_1_117' title='bbox 619 1853 750 1937; x_wconf 84' lang='lat' dir='ltr'>frigidae</span> <span class='ocrx_word' id='word_1_118' title='bbox 773 1855 871 1918; x_wconf 80' lang='lat' dir='ltr'>dixit?</span> <span class='ocrx_word' id='word_1_119' title='bbox 917 1875 954 1918; x_wconf 91' lang='lat' dir='ltr'>ne</span> <span class='ocrx_word' id='word_1_120' title='bbox 983 1855 1061 1919; x_wconf 86' lang='lat' dir='ltr'>forte</span> <span class='ocrx_word' id='word_1_121' title='bbox 1092 1873 1125 1918; x_wconf 91' lang='lat' dir='ltr'>se</span> <span class='ocrx_word' id='word_1_122' title='bbox 1153 1859 1259 1938; x_wconf 89' lang='lat' dir='ltr'>posset</span> <span class='ocrx_word' id='word_1_123' title='bbox 1289 1855 1391 1936; x_wconf 88' lang='lat' dir='ltr'>aliquis</span> 
     </span>
     <span class='ocr_line' id='line_1_15' title="bbox 261 1959 1393 2043; baseline -0.001 -20"><span class='ocrx_word' id='word_1_124' title='bbox 261 1977 380 2043; x_wconf 78' lang='lat' dir='ltr'>pauper</span> <span class='ocrx_word' id='word_1_125' title='bbox 402 1960 439 2022; x_wconf 87' lang='lat' dir='ltr'>ds</span> <span class='ocrx_word' id='word_1_126' title='bbox 461 1959 617 2042; x_wconf 83' lang='lat' dir='ltr'>lignorum</span> <span class='ocrx_word' id='word_1_127' title='bbox 639 1960 769 2043; x_wconf 85' lang='lat' dir='ltr'>penuria</span> <span class='ocrx_word' id='word_1_128' title='bbox 792 1976 938 2023; x_wconf 88' lang='lat' dir='ltr'>excusare</span> <span class='ocrx_word' id='word_1_129' title='bbox 961 1963 1017 2023; x_wconf 90' lang='lat' dir='ltr'>aut</span> <span class='ocrx_word' id='word_1_130' title='bbox 1039 1963 1121 2024; x_wconf 88' lang='lat' dir='ltr'>certe</span> <span class='ocrx_word' id='word_1_131' title='bbox 1137 1960 1248 2024; x_wconf 81' lang='lat' dir='ltr'>dixerit</span> <span class='ocrx_word' id='word_1_132' title='bbox 1271 1979 1304 2023; x_wconf 91' lang='lat' dir='ltr'>se</span> <span class='ocrx_word' id='word_1_133' title='bbox 1326 1977 1393 2023; x_wconf 88' lang='lat' dir='ltr'>uas-</span> 
     </span>
     <span class='ocr_line' id='line_1_16' title="bbox 210 2063 1395 2147; baseline -0.001 -19"><span class='ocrx_word' id='word_1_134' title='bbox 210 2091 236 2128; x_wconf 82' lang='lat' dir='ltr'>rs</span> <span class='ocrx_word' id='word_1_135' title='bbox 262 2064 378 2144; x_wconf 90' lang='lat' dir='ltr'>culum,</span> <span class='ocrx_word' id='word_1_136' title='bbox 408 2064 462 2127; x_wconf 90' lang='lat' dir='ltr'>nbi</span> <span class='ocrx_word' id='word_1_137' title='bbox 492 2081 606 2145; x_wconf 90' lang='lat' dir='ltr'>aquam</span> <span class='ocrx_word' id='word_1_138' title='bbox 636 2063 830 2144; x_wconf 84' lang='lat' dir='ltr'>calefaceret,</span> <span class='ocrx_word' id='word_1_139' title='bbox 862 2081 923 2127; x_wconf 94' lang='lat' dir='ltr'>non</span> <span class='ocrx_word' id='word_1_140' title='bbox 950 2063 1074 2128; x_wconf 90' lang='lat' dir='ltr'>habere.</span> <span class='ocrx_word' id='word_1_141' title='bbox 1120 2064 1254 2147; x_wconf 86' lang='lat' dir='ltr'>denique</span> <span class='ocrx_word' id='word_1_142' title='bbox 1284 2068 1314 2128; x_wconf 92' lang='lat' dir='ltr'>et</span> <span class='ocrx_word' id='word_1_143' title='bbox 1340 2083 1395 2146; x_wconf 90' lang='lat' dir='ltr'>per</span> 
     </span>
    </p>
   </div>
   <div class='ocr_carea' id='block_1_7' title="bbox 259 2167 1513 2563">
    <p class='ocr_par' dir='ltr' id='par_1_7' title="bbox 259 2167 1513 2563">
     <span class='ocr_line' id='line_1_17' title="bbox 260 2167 1513 2251; baseline 0.001 -20"><span class='ocrx_word' id='word_1_144' title='bbox 260 2167 389 2232; x_wconf 87' lang='lat' dir='ltr'>beatum</span> <span class='ocrx_word' id='word_1_145' title='bbox 412 2168 607 2251; x_wconf 87' lang='lat' dir='ltr'>prophetam,</span> <span class='ocrx_word' id='word_1_146' title='bbox 635 2168 747 2231; x_wconf 85' lang='lat' dir='ltr'>iratres</span> <span class='ocrx_word' id='word_1_147' title='bbox 770 2167 933 2248; x_wconf 83' lang='lat' dir='ltr'>carissimi,</span> <span class='ocrx_word' id='word_1_148' title='bbox 962 2168 1106 2233; x_wconf 91' lang='lat' dir='ltr'>dominus</span> <span class='ocrx_word' id='word_1_149' title='bbox 1132 2169 1176 2232; x_wconf 86' lang='lat' dir='ltr'>ita</span> <span class='ocrx_word' id='word_1_150' title='bbox 1198 2168 1338 2232; x_wconf 86' lang='lat' dir='ltr'>hortatur</span> <span class='ocrx_word' id='word_1_151' title='bbox 1365 2171 1395 2232; x_wconf 91' lang='lat' dir='ltr'>et</span> <span class='ocrx_word' id='word_1_152' title='bbox 1512 2227 1513 2232; x_wconf 75' lang='grc'>,</span> 
     </span>
     <span class='ocr_line' id='line_1_18' title="bbox 260 2271 1513 2356; baseline -0.002 -20"><span class='ocrx_word' id='word_1_153' title='bbox 260 2273 409 2336; x_wconf 82' lang='lat' dir='ltr'>admonet</span> <span class='ocrx_word' id='word_1_154' title='bbox 430 2273 636 2353; x_wconf 82' lang='lat' dir='ltr'>elimosynam</span> <span class='ocrx_word' id='word_1_155' title='bbox 659 2271 736 2352; x_wconf 89' lang='lat' dir='ltr'>fieri,</span> <span class='ocrx_word' id='word_1_156' title='bbox 759 2276 796 2335; x_wconf 89' lang='lat' dir='ltr'>ut</span> <span class='ocrx_word' id='word_1_157' title='bbox 816 2290 915 2354; x_wconf 86' lang='lat' dir='ltr'>paene</span> <span class='ocrx_word' id='word_1_158' title='bbox 938 2273 1043 2336; x_wconf 90' lang='lat' dir='ltr'>nullus</span> <span class='ocrx_word' id='word_1_159' title='bbox 1065 2290 1184 2356; x_wconf 87' lang='lat' dir='ltr'>pauper</span> <span class='ocrx_word' id='word_1_160' title='bbox 1206 2273 1258 2352; x_wconf 90' lang='lat' dir='ltr'>sit,</span> <span class='ocrx_word' id='word_1_161' title='bbox 1288 2273 1338 2353; x_wconf 87' lang='lat' dir='ltr'>qui</span> <span class='ocrx_word' id='word_1_162' title='bbox 1360 2289 1394 2334; x_wconf 88' lang='lat' dir='ltr'>se</span> <span class='ocrx_word' id='word_1_163' title='bbox 1512 2287 1513 2292; x_wconf 70' lang='grc'>’</span> 
     </span>
     <span class='ocr_line' id='line_1_19' title="bbox 259 2375 1513 2468; baseline -0.002 -28"><span class='ocrx_word' id='word_1_164' title='bbox 259 2377 364 2442; x_wconf 85' lang='lat' dir='ltr'>ualeat</span> <span class='ocrx_word' id='word_1_165' title='bbox 394 2394 549 2440; x_wconf 88' lang='lat' dir='ltr'>excusare.</span> <span class='ocrx_word' id='word_1_166' title='bbox 595 2376 640 2440; x_wconf 91' lang='lat' dir='ltr'>sic</span> <span class='ocrx_word' id='word_1_167' title='bbox 674 2376 757 2439; x_wconf 90' lang='lat' dir='ltr'>enim</span> <span class='ocrx_word' id='word_1_168' title='bbox 788 2376 847 2440; x_wconf 88' lang='lat' dir='ltr'>ait:</span> <span class='ocrx_word' id='word_1_169' title='bbox 881 2376 948 2440; x_wconf 92' lang='lat' dir='ltr'>hoc</span> <span class='ocrx_word' id='word_1_170' title='bbox 983 2379 1039 2440; x_wconf 91' lang='lat' dir='ltr'>est</span> <span class='ocrx_word' id='word_1_171' title='bbox 1071 2377 1269 2456; x_wconf 90' lang='lat' dir='ltr'>ieiunium,</span> <span class='ocrx_word' id='word_1_172' title='bbox 1301 2375 1394 2457; x_wconf 87' lang='lat' dir='ltr'>quod</span> <span class='ocrx_word' id='word_1_173' title='bbox 1512 2421 1513 2468; x_wconf 57' lang='lat'>,</span> 
     </span>
     <span class='ocr_line' id='line_1_20' title="bbox 259 2479 1513 2563; baseline -0.001 -20"><span class='ocrx_word' id='word_1_174' title='bbox 259 2481 371 2563; x_wconf 83' lang='lat' dir='ltr'>elegi,</span> <span class='ocrx_word' id='word_1_175' title='bbox 406 2480 496 2544; x_wconf 88' lang='lat' dir='ltr'>dicit</span> <span class='ocrx_word' id='word_1_176' title='bbox 528 2480 712 2544; x_wconf 86' lang='lat' dir='ltr'>dominus:</span> <span class='ocrx_word' id='word_1_177' title='bbox 746 2480 877 2563; x_wconf 83' lang='lat' dir='ltr'>frange</span> <span class='ocrx_word' id='word_1_178' title='bbox 908 2479 1090 2544; x_wconf 91' lang='lat' dir='ltr'>esurienti</span> <span class='ocrx_word' id='word_1_179' title='bbox 1120 2497 1252 2563; x_wconf 86' lang='lat' dir='ltr'>panem</span> <span class='ocrx_word' id='word_1_180' title='bbox 1283 2484 1391 2544; x_wconf 87' lang='lat' dir='ltr'>tuum.</span> <span class='ocrx_word' id='word_1_181' title='bbox 1512 2499 1513 2558; x_wconf 49' lang='grc' dir='ltr'>ξ</span> 
     </span>
    </p>
   </div>
   <div class='ocr_carea' id='block_1_8' title="bbox 109 2584 1391 2678">
    <p class='ocr_par' dir='ltr' id='par_1_8' title="bbox 109 2584 1391 2678">
     <span class='ocr_line' id='line_1_21' title="bbox 109 2584 1391 2678; baseline -0.004 -27"><span class='ocrx_word' id='word_1_182' title='bbox 109 2669 114 2678; x_wconf 20' lang='grc' dir='ltr'>ι</span> <span class='ocrx_word' id='word_1_183' title='bbox 207 2611 233 2651; x_wconf 74' lang='lat' dir='ltr'>eo</span> <span class='ocrx_word' id='word_1_184' title='bbox 260 2603 321 2648; x_wconf 92' lang='lat' dir='ltr'>non</span> <span class='ocrx_word' id='word_1_185' title='bbox 345 2585 430 2665; x_wconf 91' lang='lat' dir='ltr'>dixit,</span> <span class='ocrx_word' id='word_1_186' title='bbox 454 2588 489 2648; x_wconf 93' lang='lat' dir='ltr'>ut</span> <span class='ocrx_word' id='word_1_187' title='bbox 511 2584 670 2667; x_wconf 84' lang='lat' dir='ltr'>integrum</span> <span class='ocrx_word' id='word_1_188' title='bbox 685 2585 782 2664; x_wconf 85' lang='lat' dir='ltr'>daret,</span> <span class='ocrx_word' id='word_1_189' title='bbox 806 2603 877 2648; x_wconf 90' lang='lat' dir='ltr'>curn</span> <span class='ocrx_word' id='word_1_190' title='bbox 898 2585 976 2648; x_wconf 84' lang='lat' dir='ltr'>forte</span> <span class='ocrx_word' id='word_1_191' title='bbox 998 2603 1116 2667; x_wconf 90' lang='lat' dir='ltr'>pauper</span> <span class='ocrx_word' id='word_1_192' title='bbox 1140 2585 1192 2648; x_wconf 84' lang='lat' dir='ltr'>ilie</span> <span class='ocrx_word' id='word_1_193' title='bbox 1215 2584 1311 2648; x_wconf 91' lang='lat' dir='ltr'>alium</span> <span class='ocrx_word' id='word_1_194' title='bbox 1333 2602 1391 2649; x_wconf 91' lang='lat' dir='ltr'>uon</span> 
     </span>
    </p>
   </div>
   <div class='ocr_carea' id='block_1_9' title="bbox 257 2687 1513 2876">
    <p class='ocr_par' dir='ltr' id='par_1_9' title="bbox 257 2679 1513 2876">
     <span class='ocr_line' id='line_1_22' title="bbox 258 2687 1392 2772; baseline -0.002 -20"><span class='ocrx_word' id='word_1_195' title='bbox 258 2689 399 2769; x_wconf 89' lang='lat' dir='ltr'>haberet,</span> <span class='ocrx_word' id='word_1_196' title='bbox 423 2688 477 2751; x_wconf 90' lang='lat' dir='ltr'>sed</span> <span class='ocrx_word' id='word_1_197' title='bbox 500 2689 619 2772; x_wconf 86' lang='lat' dir='ltr'>frange,</span> <span class='ocrx_word' id='word_1_198' title='bbox 646 2689 759 2770; x_wconf 89' lang='lat' dir='ltr'>inquit,</span> <span class='ocrx_word' id='word_1_199' title='bbox 787 2689 846 2752; x_wconf 92' lang='lat' dir='ltr'>hoo</span> <span class='ocrx_word' id='word_1_200' title='bbox 869 2692 917 2752; x_wconf 92' lang='lat' dir='ltr'>est</span> <span class='ocrx_word' id='word_1_201' title='bbox 939 2688 1055 2752; x_wconf 89' lang='lat' dir='ltr'>dicere:</span> <span class='ocrx_word' id='word_1_202' title='bbox 1083 2689 1205 2752; x_wconf 88' lang='lat' dir='ltr'>etiamsi</span> <span class='ocrx_word' id='word_1_203' title='bbox 1228 2687 1286 2752; x_wconf 91' lang='lat' dir='ltr'>tibi</span> <span class='ocrx_word' id='word_1_204' title='bbox 1308 2691 1392 2752; x_wconf 84' lang='lat' dir='ltr'>tanta</span> 
     </span>
     <span class='ocr_line' id='line_1_23' title="bbox 257 2792 1513 2876; baseline 0.001 -21"><span class='ocrx_word' id='word_1_205' title='bbox 257 2795 425 2876; x_wconf 88' lang='lat' dir='ltr'>paupertas</span> <span class='ocrx_word' id='word_1_206' title='bbox 449 2796 506 2873; x_wconf 88' lang='lat' dir='ltr'>est,</span> <span class='ocrx_word' id='word_1_207' title='bbox 529 2796 565 2857; x_wconf 88' lang='lat' dir='ltr'>ut</span> <span class='ocrx_word' id='word_1_208' title='bbox 588 2811 648 2856; x_wconf 92' lang='lat' dir='ltr'>non</span> <span class='ocrx_word' id='word_1_209' title='bbox 669 2792 786 2857; x_wconf 88' lang='lat' dir='ltr'>habeas</span> <span class='ocrx_word' id='word_1_210' title='bbox 810 2792 870 2856; x_wconf 91' lang='lat' dir='ltr'>nisi</span> <span class='ocrx_word' id='word_1_211' title='bbox 893 2811 990 2856; x_wconf 91' lang='lat' dir='ltr'>unum</span> <span class='ocrx_word' id='word_1_212' title='bbox 1006 2811 1131 2876; x_wconf 89' lang='lat' dir='ltr'>panem,</span> <span class='ocrx_word' id='word_1_213' title='bbox 1155 2811 1190 2854; x_wconf 92' lang='lat' dir='ltr'>ex</span> <span class='ocrx_word' id='word_1_214' title='bbox 1206 2793 1274 2875; x_wconf 86' lang='lat' dir='ltr'>ipso</span> <span class='ocrx_word' id='word_1_215' title='bbox 1290 2796 1391 2856; x_wconf 89' lang='lat' dir='ltr'>tamen</span> <span class='ocrx_word' id='word_1_216' title='bbox 1512 2827 1513 2840; x_wconf 60' lang='lat'>,</span> 
     </span>
    </p>
   </div>
   <div class='ocr_carea' id='block_1_10' title="bbox 202 2896 1390 3709">
    <p class='ocr_par' dir='ltr' id='par_1_10' title="bbox 256 2896 1390 3085">
     <span class='ocr_line' id='line_1_24' title="bbox 257 2896 1390 2980; baseline 0 -20"><span class='ocrx_word' id='word_1_217' title='bbox 257 2898 366 2980; x_wconf 78' lang='lat' dir='ltr'>frange</span> <span class='ocrx_word' id='word_1_218' title='bbox 389 2902 421 2961; x_wconf 88' lang='lat' dir='ltr'>et</span> <span class='ocrx_word' id='word_1_219' title='bbox 442 2897 571 2980; x_wconf 86' lang='lat' dir='ltr'>pauperi</span> <span class='ocrx_word' id='word_1_220' title='bbox 593 2896 704 2962; x_wconf 88' lang='lat' dir='ltr'>tribus.</span> <span class='ocrx_word' id='word_1_221' title='bbox 743 2900 780 2960; x_wconf 91' lang='lat' dir='ltr'>et</span> <span class='ocrx_word' id='word_1_222' title='bbox 803 2915 967 2980; x_wconf 85' lang='lat' dir='ltr'>egenum,</span> <span class='ocrx_word' id='word_1_223' title='bbox 992 2897 1103 2979; x_wconf 87' lang='lat' dir='ltr'>inquit,</span> <span class='ocrx_word' id='word_1_224' title='bbox 1127 2915 1168 2960; x_wconf 90' lang='lat' dir='ltr'>ao</span> <span class='ocrx_word' id='word_1_225' title='bbox 1190 2897 1272 2961; x_wconf 90' lang='lat' dir='ltr'>sine</span> <span class='ocrx_word' id='word_1_226' title='bbox 1296 2901 1390 2961; x_wconf 90' lang='lat' dir='ltr'>tecto</span> 
     </span>
     <span class='ocr_line' id='line_1_25' title="bbox 256 3001 1389 3085; baseline -0.001 -21"><span class='ocrx_word' id='word_1_227' title='bbox 256 3002 368 3065; x_wconf 90' lang='lat' dir='ltr'>indue</span> <span class='ocrx_word' id='word_1_228' title='bbox 394 3003 431 3065; x_wconf 93' lang='lat' dir='ltr'>in</span> <span class='ocrx_word' id='word_1_229' title='bbox 458 3001 603 3066; x_wconf 90' lang='lat' dir='ltr'>demum</span> <span class='ocrx_word' id='word_1_230' title='bbox 630 3006 742 3066; x_wconf 86' lang='lat' dir='ltr'>tuam.</span> <span class='ocrx_word' id='word_1_231' title='bbox 789 3001 815 3064; x_wconf 94' lang='lat' dir='ltr'>si</span> <span class='ocrx_word' id='word_1_232' title='bbox 839 3001 951 3083; x_wconf 86' lang='lat' dir='ltr'>aliquis</span> <span class='ocrx_word' id='word_1_233' title='bbox 975 3001 1019 3065; x_wconf 91' lang='lat' dir='ltr'>ita</span> <span class='ocrx_word' id='word_1_234' title='bbox 1041 3019 1159 3085; x_wconf 87' lang='lat' dir='ltr'>pauper</span> <span class='ocrx_word' id='word_1_235' title='bbox 1182 3004 1241 3082; x_wconf 89' lang='lat' dir='ltr'>est,</span> <span class='ocrx_word' id='word_1_236' title='bbox 1273 3005 1389 3066; x_wconf 91' lang='lat' dir='ltr'>utnon</span> 
     </span>
    </p>

    <p class='ocr_par' dir='ltr' id='par_1_11' title="bbox 204 3105 1389 3293">
     <span class='ocr_line' id='line_1_26' title="bbox 204 3105 1389 3189; baseline -0.001 -22"><span class='ocrx_word' id='word_1_237' title='bbox 204 3131 230 3168; x_wconf 72' lang='lat' dir='ltr'>ss</span> <span class='ocrx_word' id='word_1_238' title='bbox 256 3105 381 3186; x_wconf 84' lang='lat' dir='ltr'>babeat,</span> <span class='ocrx_word' id='word_1_239' title='bbox 404 3106 486 3170; x_wconf 91' lang='lat' dir='ltr'>unde</span> <span class='ocrx_word' id='word_1_240' title='bbox 509 3105 626 3170; x_wconf 86' lang='lat' dir='ltr'>tribuat</span> <span class='ocrx_word' id='word_1_241' title='bbox 648 3106 777 3189; x_wconf 87' lang='lat' dir='ltr'>pauperi</span> <span class='ocrx_word' id='word_1_242' title='bbox 800 3106 915 3185; x_wconf 92' lang='lat' dir='ltr'>cibum,</span> <span class='ocrx_word' id='word_1_243' title='bbox 938 3105 990 3169; x_wconf 90' lang='lat' dir='ltr'>uel</span> <span class='ocrx_word' id='word_1_244' title='bbox 1011 3106 1043 3168; x_wconf 90' lang='lat' dir='ltr'>in</span> <span class='ocrx_word' id='word_1_245' title='bbox 1066 3123 1128 3169; x_wconf 92' lang='lat' dir='ltr'>uno</span> <span class='ocrx_word' id='word_1_246' title='bbox 1151 3105 1266 3188; x_wconf 85' lang='lat' dir='ltr'>angulo</span> <span class='ocrx_word' id='word_1_247' title='bbox 1282 3105 1389 3171; x_wconf 90' lang='lat' dir='ltr'>domus</span> 
     </span>
     <span class='ocr_line' id='line_1_27' title="bbox 257 3210 885 3293; baseline 0.002 -21"><span class='ocrx_word' id='word_1_248' title='bbox 257 3227 331 3273; x_wconf 91' lang='lat' dir='ltr'>suae</span> <span class='ocrx_word' id='word_1_249' title='bbox 353 3210 516 3293; x_wconf 85' lang='lat' dir='ltr'>peregrino</span> <span class='ocrx_word' id='word_1_250' title='bbox 539 3214 704 3292; x_wconf 89' lang='lat' dir='ltr'>praeparet</span> <span class='ocrx_word' id='word_1_251' title='bbox 725 3210 885 3273; x_wconf 89' lang='lat' dir='ltr'>lectulum.</span> 
     </span>
    </p>

    <p class='ocr_par' dir='ltr' id='par_1_12' title="bbox 254 3312 1389 3604">
     <span class='ocr_line' id='line_1_28' title="bbox 299 3312 1389 3395; baseline 0 -19"><span class='ocrx_word' id='word_1_252' title='bbox 299 3312 379 3394; x_wconf 83' lang='lat' dir='ltr'>Quid</span> <span class='ocrx_word' id='word_1_253' title='bbox 403 3331 459 3377; x_wconf 90' lang='lat' dir='ltr'>uos</span> <span class='ocrx_word' id='word_1_254' title='bbox 483 3313 522 3376; x_wconf 88' lang='lat' dir='ltr'>ad</span> <span class='ocrx_word' id='word_1_255' title='bbox 544 3314 620 3377; x_wconf 85' lang='lat' dir='ltr'>haec</span> <span class='ocrx_word' id='word_1_256' title='bbox 642 3313 754 3376; x_wconf 89' lang='lat' dir='ltr'>dicturi</span> <span class='ocrx_word' id='word_1_257' title='bbox 776 3331 896 3394; x_wconf 80' lang='lat' dir='ltr'>summ,</span> <span class='ocrx_word' id='word_1_258' title='bbox 920 3313 1042 3393; x_wconf 87' lang='lat' dir='ltr'>iratres,</span> <span class='ocrx_word' id='word_1_259' title='bbox 1073 3313 1123 3377; x_wconf 91' lang='lat' dir='ltr'>uel</span> <span class='ocrx_word' id='word_1_260' title='bbox 1146 3331 1241 3395; x_wconf 88' lang='lat' dir='ltr'>qnam</span> <span class='ocrx_word' id='word_1_261' title='bbox 1265 3329 1389 3378; x_wconf 87' lang='lat' dir='ltr'>excusa·</span> 
     </span>
     <span class='ocr_line' id='line_1_29' title="bbox 256 3415 1389 3500; baseline -0.001 -19"><span class='ocrx_word' id='word_1_262' title='bbox 256 3417 374 3481; x_wconf 90' lang='lat' dir='ltr'>tionem</span> <span class='ocrx_word' id='word_1_263' title='bbox 407 3415 522 3481; x_wconf 88' lang='lat' dir='ltr'>habere</span> <span class='ocrx_word' id='word_1_264' title='bbox 555 3416 741 3499; x_wconf 88' lang='lat' dir='ltr'>poterimus,</span> <span class='ocrx_word' id='word_1_265' title='bbox 780 3418 832 3500; x_wconf 93' lang='lat' dir='ltr'>qui</span> <span class='ocrx_word' id='word_1_266' title='bbox 871 3418 991 3500; x_wconf 87' lang='lat' dir='ltr'>amplos</span> <span class='ocrx_word' id='word_1_267' title='bbox 1030 3421 1062 3480; x_wconf 90' lang='lat' dir='ltr'>et</span> <span class='ocrx_word' id='word_1_268' title='bbox 1095 3419 1248 3500; x_wconf 86' lang='lat' dir='ltr'>spatiosas</span> <span class='ocrx_word' id='word_1_269' title='bbox 1283 3417 1389 3482; x_wconf 91' lang='lat' dir='ltr'>domos</span> 
     </span>
     <span class='ocr_line' id='line_1_30' title="bbox 254 3521 1388 3604; baseline 0 -20"><span class='ocrx_word' id='word_1_270' title='bbox 254 3521 406 3585; x_wconf 89' lang='lat' dir='ltr'>habentes</span> <span class='ocrx_word' id='word_1_271' title='bbox 433 3521 485 3584; x_wconf 91' lang='lat' dir='ltr'>uix</span> <span class='ocrx_word' id='word_1_272' title='bbox 513 3521 678 3603; x_wconf 88' lang='lat' dir='ltr'>aliquande</span> <span class='ocrx_word' id='word_1_273' title='bbox 705 3521 873 3604; x_wconf 84' lang='lat' dir='ltr'>dignamm</span> <span class='ocrx_word' id='word_1_274' title='bbox 900 3521 1040 3603; x_wconf 82' lang='lat' dir='ltr'>excipere</span> <span class='ocrx_word' id='word_1_275' title='bbox 1070 3521 1271 3604; x_wconf 84' lang='lat' dir='ltr'>peregrinum</span> <span class='ocrx_word' id='word_1_276' title='bbox 1302 3522 1388 3603; x_wconf 84' lang='lat' dir='ltr'>igno·</span> 
     </span>
    </p>

    <p class='ocr_par' dir='ltr' id='par_1_13' title="bbox 202 3624 1389 3709">
     <span class='ocr_line' id='line_1_31' title="bbox 202 3624 1389 3709; baseline -0.002 -20"><span class='ocrx_word' id='word_1_277' title='bbox 202 3650 229 3689; x_wconf 81' lang='lat' dir='ltr'>ec</span> <span class='ocrx_word' id='word_1_278' title='bbox 253 3629 370 3707; x_wconf 89' lang='lat' dir='ltr'>rantes,</span> <span class='ocrx_word' id='word_1_279' title='bbox 392 3625 490 3690; x_wconf 93' lang='lat' dir='ltr'>immo</span> <span class='ocrx_word' id='word_1_280' title='bbox 514 3643 575 3689; x_wconf 92' lang='lat' dir='ltr'>ncn</span> <span class='ocrx_word' id='word_1_281' title='bbox 598 3625 770 3705; x_wconf 86' lang='lat' dir='ltr'>credentes,</span> <span class='ocrx_word' id='word_1_282' title='bbox 795 3625 876 3707; x_wconf 89' lang='lat' dir='ltr'>quod</span> <span class='ocrx_word' id='word_1_283' title='bbox 898 3626 930 3689; x_wconf 94' lang='lat' dir='ltr'>in</span> <span class='ocrx_word' id='word_1_284' title='bbox 952 3625 1097 3689; x_wconf 90' lang='lat' dir='ltr'>omnibns</span> <span class='ocrx_word' id='word_1_285' title='bbox 1113 3625 1285 3709; x_wconf 84' lang='lat' dir='ltr'>peregrinis</span> <span class='ocrx_word' id='word_1_286' title='bbox 1301 3624 1389 3690; x_wconf 84' lang='lat' dir='ltr'>Obri-</span> 
     </span>
    </p>
   </div>
   <div class='ocr_carea' id='block_1_11' title="bbox 356 3829 1120 3901">
    <p class='ocr_par' dir='ltr' id='par_1_14' title="bbox 356 3829 1120 3901">
     <span class='ocr_line' id='line_1_32' title="bbox 356 3829 1120 3901; baseline 0 -15"><span class='ocrx_word' id='word_1_287' title='bbox 356 3829 385 3900; x_wconf 88' lang='lat' dir='ltr'>e]</span> <span class='ocrx_word' id='word_1_288' title='bbox 404 3829 468 3885; x_wconf 75' lang='lat' dir='ltr'>cue.</span> <span class='ocrx_word' id='word_1_289' title='bbox 480 3833 506 3900; x_wconf 83' lang='lat' dir='ltr'>a,</span> <span class='ocrx_word' id='word_1_290' title='bbox 519 3833 560 3887; x_wconf 82' lang='lat'>14.</span> <span class='ocrx_word' id='word_1_291' title='bbox 614 3831 659 3900; x_wconf 80' lang='lat' dir='ltr'>rs]</span> <span class='ocrx_word' id='word_1_292' title='bbox 677 3829 747 3886; x_wconf 67' lang='lat' dir='ltr'>near.</span> <span class='ocrx_word' id='word_1_293' title='bbox 760 3832 802 3896; x_wconf 85' lang='lat' dir='ltr'>ss,</span> <span class='ocrx_word' id='word_1_294' title='bbox 815 3833 838 3886; x_wconf 82' lang='lat' dir='ltr'>s.</span> <span class='ocrx_word' id='word_1_295' title='bbox 892 3831 938 3901; x_wconf 84' lang='lat' dir='ltr'>aa]</span> <span class='ocrx_word' id='word_1_296' title='bbox 957 3830 1026 3886; x_wconf 67' lang='lat' dir='ltr'>near.</span> <span class='ocrx_word' id='word_1_297' title='bbox 1040 3833 1082 3897; x_wconf 86' lang='lat' dir='ltr'>sa,</span> <span class='ocrx_word' id='word_1_298' title='bbox 1097 3833 1120 3886; x_wconf 83' lang='lat' dir='ltr'>r.</span> 
     </span>
    </p>
   </div>
   <div class='ocr_carea' id='block_1_12' title="bbox 252 4021 1389 4437">
    <p class='ocr_par' dir='ltr' id='par_1_15' title="bbox 252 4021 1389 4437">
     <span class='ocr_line' id='line_1_33' title="bbox 296 4021 1387 4093; baseline -0.002 -15"><span class='ocrx_word' id='word_1_299' title='bbox 296 4021 492 4078; x_wconf 84' lang='lat' dir='ltr'>lhalemosina</span> <span class='ocrx_word' id='word_1_300' title='bbox 509 4023 537 4076; x_wconf 95' lang='lat' dir='ltr'><strong><em>P</em></strong></span> <span class='ocrx_word' id='word_1_301' title='bbox 595 4021 795 4093; x_wconf 74' lang='lat' dir='ltr'>2hplemosina</span> <span class='ocrx_word' id='word_1_302' title='bbox 812 4022 840 4076; x_wconf 93' lang='lat' dir='ltr'><strong><em>P</em></strong></span> <span class='ocrx_word' id='word_1_303' title='bbox 899 4022 1098 4078; x_wconf 87' lang='lat' dir='ltr'>3helemosina</span> <span class='ocrx_word' id='word_1_304' title='bbox 1115 4023 1143 4077; x_wconf 94' lang='lat' dir='ltr'><strong><em>P</em></strong></span> <span class='ocrx_word' id='word_1_305' title='bbox 1202 4021 1309 4091; x_wconf 87' lang='lat' dir='ltr'>absque]</span> <span class='ocrx_word' id='word_1_306' title='bbox 1330 4021 1387 4076; x_wconf 83' lang='lat' dir='ltr'>sina</span> 
     </span>
     <span class='ocr_line' id='line_1_34' title="bbox 252 4107 1387 4181; baseline -0.002 -17"><span class='ocrx_word' id='word_1_307' title='bbox 252 4111 324 4179; x_wconf 77' lang='lat' dir='ltr'>Aap.</span> <span class='ocrx_word' id='word_1_308' title='bbox 385 4108 583 4163; x_wconf 73' lang='lat' dir='ltr'>thelemosina</span> <span class='ocrx_word' id='word_1_309' title='bbox 600 4109 628 4161; x_wconf 93' lang='lat' dir='ltr'><strong><em>P</em></strong></span> <span class='ocrx_word' id='word_1_310' title='bbox 687 4107 985 4162; x_wconf 76' lang='lat' dir='ltr'>bieiunium-bonmu</span> <span class='ocrx_word' id='word_1_311' title='bbox 1004 4111 1045 4162; x_wconf 88' lang='lat' dir='ltr'>est</span> <span class='ocrx_word' id='word_1_312' title='bbox 1062 4111 1144 4181; x_wconf 63' lang='lat' dir='ltr'>Aoo,</span> <span class='ocrx_word' id='word_1_313' title='bbox 1160 4109 1253 4164; x_wconf 89' lang='lat' dir='ltr'>om.P</span> <span class='ocrx_word' id='word_1_314' title='bbox 1310 4107 1387 4163; x_wconf 70' lang='lat' dir='ltr'>villi</span> 
     </span>
     <span class='ocr_line' id='line_1_35' title="bbox 252 4194 1389 4266; baseline 0 -16"><span class='ocrx_word' id='word_1_315' title='bbox 252 4197 323 4266; x_wconf 78' lang='lat' dir='ltr'>Aap.</span> <span class='ocrx_word' id='word_1_316' title='bbox 375 4195 583 4264; x_wconf 79' lang='lat' dir='ltr'>habueritAup.</span> <span class='ocrx_word' id='word_1_317' title='bbox 635 4194 792 4265; x_wconf 89' lang='lat' dir='ltr'>retribuere]</span> <span class='ocrx_word' id='word_1_318' title='bbox 805 4195 990 4266; x_wconf 75' lang='lat' dir='ltr'>tribuatAap.</span> <span class='ocrx_word' id='word_1_319' title='bbox 1040 4197 1072 4252; x_wconf 84' lang='lat'>13</span> <span class='ocrx_word' id='word_1_320' title='bbox 1084 4195 1152 4250; x_wconf 82' lang='lat' dir='ltr'>dixit</span> <span class='ocrx_word' id='word_1_321' title='bbox 1162 4198 1243 4266; x_wconf 76' lang='lat' dir='ltr'>Aop,</span> <span class='ocrx_word' id='word_1_322' title='bbox 1256 4195 1389 4250; x_wconf 87' lang='lat' dir='ltr'>dixeritP</span> 
     </span>
     <span class='ocr_line' id='line_1_36' title="bbox 253 4280 1386 4352; baseline -0.003 -14"><span class='ocrx_word' id='word_1_323' title='bbox 253 4285 286 4338; x_wconf 81' lang='lat'>14</span> <span class='ocrx_word' id='word_1_324' title='bbox 298 4286 368 4335; x_wconf 85' lang='lat' dir='ltr'>certe</span> <span class='ocrx_word' id='word_1_325' title='bbox 386 4281 493 4350; x_wconf 85' lang='lat' dir='ltr'>dixerit]</span> <span class='ocrx_word' id='word_1_326' title='bbox 511 4281 598 4335; x_wconf 87' lang='lat' dir='ltr'>dicere</span> <span class='ocrx_word' id='word_1_327' title='bbox 616 4283 687 4352; x_wconf 76' lang='lat' dir='ltr'>Aap.</span> <span class='ocrx_word' id='word_1_328' title='bbox 742 4285 774 4338; x_wconf 86' lang='grc'>16</span> <span class='ocrx_word' id='word_1_329' title='bbox 792 4285 896 4336; x_wconf 86' lang='lat' dir='ltr'>ortatur</span> <span class='ocrx_word' id='word_1_330' title='bbox 913 4283 941 4337; x_wconf 91' lang='lat' dir='ltr'><strong><em>P</em></strong></span> <span class='ocrx_word' id='word_1_331' title='bbox 993 4285 1025 4339; x_wconf 80' lang='lat'>17</span> <span class='ocrx_word' id='word_1_332' title='bbox 1044 4283 1220 4337; x_wconf 87' lang='lat' dir='ltr'>ammonetP</span> <span class='ocrx_word' id='word_1_333' title='bbox 1269 4280 1386 4336; x_wconf 84' lang='lat' dir='ltr'>helemo-</span> 
     </span>
     <span class='ocr_line' id='line_1_37' title="bbox 252 4367 1090 4437; baseline 0.006 -19"><span class='ocrx_word' id='word_1_334' title='bbox 252 4367 338 4419; x_wconf 87' lang='lat' dir='ltr'>sinam</span> <span class='ocrx_word' id='word_1_335' title='bbox 357 4367 384 4420; x_wconf 92' lang='lat' dir='ltr'><strong><em>P</em></strong></span> <span class='ocrx_word' id='word_1_336' title='bbox 434 4383 515 4435; x_wconf 87' lang='lat' dir='ltr'>prope</span> <span class='ocrx_word' id='word_1_337' title='bbox 532 4369 603 4437; x_wconf 70' lang='lat' dir='ltr'>Aac.</span> <span class='ocrx_word' id='word_1_338' title='bbox 657 4369 689 4422; x_wconf 84' lang='lat'>21</span> <span class='ocrx_word' id='word_1_339' title='bbox 709 4367 802 4434; x_wconf 88' lang='lat' dir='ltr'>inquid</span> <span class='ocrx_word' id='word_1_340' title='bbox 821 4368 849 4422; x_wconf 99' lang='lat' dir='ltr'><strong><em>P</em></strong></span> <span class='ocrx_word' id='word_1_341' title='bbox 898 4370 933 4423; x_wconf 84' lang='lat'>23</span> <span class='ocrx_word' id='word_1_342' title='bbox 950 4368 1043 4436; x_wconf 88' lang='lat' dir='ltr'>inquid</span> <span class='ocrx_word' id='word_1_343' title='bbox 1062 4369 1090 4423; x_wconf 99' lang='lat' dir='ltr'><strong><em>P</em></strong></span> 
     </span>
    </p>
   </div>
   <div class='ocr_carea' id='block_1_13' title="bbox 0 0 1554 4892">
    <p class='ocr_par' dir='ltr' id='par_1_16' title="bbox 0 0 1554 4892">
     <span class='ocr_line' id='line_1_38' title="bbox 0 0 1554 4892; baseline 0 7"><span class='ocrx_word' id='word_1_344' title='bbox 0 0 1554 4892; x_wconf 95' lang='lat' dir='ltr'> </span> 
     </span>
    </p>
   </div>
  </div>
 </body>
</html>
