3100 4892
621 436 718 493 niter
736 437 764 493 11
784 421 808 496 13

489 767 641 851 LIBER
676 767 944 852 SECUNDUS.

699 961 725 1025 1.

147 1120 222 1170 omn
244 1121 347 1163 NULLA
370 1121 537 1164 cumanae
560 1122 781 1164 sarromalus
805 1121 971 1165 coartanda
1000 1121 1187 1165 cunarum
1213 1121 1285 1164 Pos-

607 1209 656 1251 sl'r
679 1210 818 1252 INPUNDI.

187 1343 338 1427 Legimus
362 1343 399 1408 de
422 1343 542 1427 proflua
564 1344 713 1409 effusione
736 1344 866 1427 spiritus
890 1346 1004 1410 saneti:
1032 1345 1138 1410 lesus
1162 1349 1285 1410 autem
1311 1373 1324 1413 s

146 1449 278 1530 plenus
309 1449 443 1531 spiritu
473 1452 603 1513 saneto
633 1467 829 1532 regressus
858 1452 915 1514 est
943 1448 986 1513 ab
1009 1447 1178 1515 Iordane.
1216 1451 1286 1532 quis

147 1553 252 1636 igitur,
281 1553 342 1616 nisi
370 1553 424 1635 qui
450 1553 591 1617 eiusdem
615 1556 699 1618 esset
721 1553 937 1637 plenitudinis
967 1554 1151 1636 implentem
1181 1556 1287 1619 omnia

148 1660 252 1739 posset
274 1657 426 1740 implere?
450 1656 487 1720 da
511 1657 659 1738 apostolis
683 1657 779 1721 refert
801 1676 904 1722 sermo
928 1656 1067 1722 diuinus:
1092 1661 1128 1722 et
1150 1659 1287 1743 repleti

148 1764 232 1824 sunt
267 1779 394 1825 omnes
432 1761 569 1844 spiritu
610 1765 739 1826 saneto
775 1764 811 1825 et
844 1761 1096 1844 loquebantur
1130 1760 1286 1827 uerbum

149 1865 204 1928 dei
234 1883 316 1929 oum
349 1865 503 1944 fidueia,
538 1868 569 1928 et
598 1865 691 1948 paulo
721 1868 806 1947 post:
839 1866 1014 1947 quoniam
1044 1866 1081 1930 in
1113 1867 1286 1931 nationes
1315 1894 1339 1932 ιο

149 1970 269 2052 gratia
291 1969 450 2051 spiritus
474 1970 596 2034 saneti
619 1969 741 2034 eflusa
764 1973 830 2035 est.
868 1967 1039 2054 (nationes)
1066 1971 1206 2054 integras
1228 1971 1287 2034 im-

149 2074 229 2155 plere
252 2072 434 2156 perhibetur
457 2077 489 2138 et
510 2073 713 2139 inexhaustus
737 2077 831 2156 atque
854 2075 885 2139 in
911 2093 944 2138 se
968 2075 1079 2157 plenus
1104 2093 1287 2158 permanere

150 2177 324 2242 dinoscitur.
363 2178 390 2242 si
419 2182 543 2243 oreatus
575 2181 623 2241 est
652 2178 780 2262 spiritus
812 2181 951 2258 sanetae,
982 2178 1020 2243 de
1048 2196 1108 2261 quo
1135 2197 1287 2262 nmquam

151 2283 257 2364 angelo
288 2282 340 2346 uel
370 2281 559 2366 archangelo
589 2283 705 2346 lectum
736 2286 794 2363 est,
826 2282 907 2364 quod
938 2301 971 2346 se
995 2283 1140 2365 cuiquam
1164 2283 1287 2348 animae

150 2385 334 2450 intrinsecus
357 2389 521 2469 susceptus
544 2386 712 2451 infuderit?
736 2386 786 2450 dio
809 2387 894 2466 mihi,
919 2388 945 2450 si
968 2405 1118 2470 umquam
1142 2407 1179 2452 ex
1201 2405 1287 2452 erea—
1315 2415 1339 2454 15

150 2491 224 2554 turis
255 2491 353 2555 ullam
383 2491 495 2574 legeris
526 2493 715 2574 potestatem
747 2495 841 2572 atque
872 2491 1032 2570 uirtutem,
1063 2509 1143 2574 quae
1170 2493 1286 2557 multos

150 2594 241 2659 simul
263 2595 394 2677 impleat
418 2599 511 2676 atque
533 2595 692 2678 possideat
715 2599 756 2674 et,
781 2594 862 2677 quod
885 2597 985 2660 maius
1009 2599 1066 2676 est,
1094 2596 1288 2660 indeminute

151 2701 240 2780 atqua
275 2699 410 2763 indiuisa
443 2702 635 2782 permaneat.
682 2699 865 2782 inpossibile
901 2703 962 2780 est,
997 2703 1032 2764 ut
1066 2701 1215 2782 sphitalis
1252 2719 1287 2764 ao

151 2802 342 2866 rationabilis
366 2807 509 2867 ereatura
531 2807 681 2886 cognatae
704 2803 764 2867 sibi
788 2807 917 2868 naturae
942 2822 1092 2886 umquam
1115 2805 1221 2869 ualeat
1240 2805 1288 2870 in-

153 2906 244 2971 fundi.
278 2907 324 2972 ita
344 2927 395 2972 res
418 2907 589 2972 materiahS
612 2908 807 2972 materialem
831 2909 932 2972 uesoit
955 2913 1117 2992 penetrare
1141 2908 1288 2973 substan·
1314 2937 1340 2976 ao

153 3010 234 3075 tiam.
273 3012 357 3076 solus
379 3012 467 3092 deus,
490 3012 523 3076 in
547 3029 607 3094 quo
630 3012 823 3096 intellegitur
847 3016 878 3076 et
901 3015 1027 3095 spiritus
1051 3016 1189 3095 sanatus,
1213 3015 1288 3076 sim·

153 3115 231 3197 pler,
253 3116 376 3181 subtilis
400 3120 431 3180 et
453 3135 548 3199 purus
572 3117 605 3180 iu
621 3117 776 3182 facturam
792 3117 843 3181 uel
858 3116 1034 3200 angelicam
1049 3118 1101 3181 nel
1116 3117 1287 3182 humanam

155 3219 266 3283 uirtute
288 3221 487 3303 incorporeae
511 3221 684 3284 diuinitatis
707 3220 867 3300 inlabitur,
899 3239 977 3303 quae
1010 3221 1077 3286 sola
1107 3222 1155 3286 sui
1186 3223 1287 3305 operis

153 3327 338 3404 penetratrix
361 3326 484 3390 oooulta
505 3325 635 3390 humani
657 3325 757 3388 sordis
781 3321 961 3409 ingreditur.
1000 3325 1158 3408 quaelibet
1181 3329 1288 3390 autern

155 3432 291 3494 ereatura
321 3430 465 3495 caelestis
495 3429 527 3493 iu
557 3432 680 3493 tantum
710 3429 874 3494 infundere
902 3430 951 3494 uel
975 3430 1105 3513 implere
1128 3430 1287 3494 hominem
1316 3457 1341 3496 a

256 3611 281 3680 5]
302 3611 366 3665 Luo.
379 3613 404 3675 4,
419 3614 441 3666 1.
495 3611 524 3680 8]
543 3609 603 3664 aas.
617 3612 641 3674 2,
653 3612 678 3665 4.
734 3611 777 3680 10]
796 3609 855 3664 Aet.
870 3613 911 3676 10,
924 3613 965 3666 45.

198 3787 344 3855 dregresus
357 3787 385 3840 P
436 3787 492 3842 aP
543 3786 665 3856 ligitur]
679 3801 769 3854 ergoo
822 3801 878 3839 esse
894 3787 921 3840 V
970 3787 996 3888 8,1
1005 3784 1089 3854 possit
1107 3785 1134 3839 P
1187 3785 1289 3853 loquo

160 3897 191 3964 V,
210 3901 330 3966 quoniam
349 3903 377 3954 et
393 3918 409 3954 a
481 3901 510 3955 ll
531 3899 776 3968 gratia-nationes
794 3915 845 3954 om.
859 3899 888 3953 P
949 3897 1030 3952 effosa
1052 3899 1078 3952 V
1092 3898 1121 3964 (u
1140 3917 1212 3952 maa.
1230 3899 1289 3965 alt.)

154 4010 478 4067 nationes-inexhaustus
491 4030 541 4069 om.
556 4015 582 4068 V
626 4013 746 4066 nationes
758 4011 865 4078 addidi,
878 4029 929 4067 om.
940 4013 1005 4067 libri
1054 4013 1085 4067 12
1097 3968 1289 4079 boeturpmi

154 4101 301 4169 monela),
318 4098 509 4170 prohibeturo
564 4103 595 4156 13
614 4104 784 4156 sanctorem.
799 4101 826 4154 P
878 4100 1036 4166 unquamP
1089 4102 1120 4154 15
1133 4113 1249 4165 unquam
1264 4097 1291 4150 P

158 4186 191 4240 16
209 4184 296 4256 ullam]
315 4188 487 4255 umquamV
537 4186 657 4242 multae
711 4189 742 4242 17
762 4185 847 4254 magis
866 4205 881 4240 o
934 4184 1098 4239 indiminuta
1115 4185 1141 4238 P
1198 4183 1289 4240 18111-

159 4271 245 4327 uisae
306 4276 339 4330 19
358 4272 496 4327 rationalis
518 4276 544 4329 V
605 4272 737 4375 creaturai]
757 4275 853 4326 natura
875 4273 901 4326 V
962 4273 996 4326 20
1014 4272 1102 4339 itaquo
1122 4271 1149 4324 P
1211 4272 1244 4324 22
1263 4271 1290 4322 et

160 4399 208 4437 om.
226 4385 250 4438 P
299 4389 333 4441 23
352 4385 473 4441 illabitur
492 4388 519 4442 P
570 4389 604 4442 24
620 4386 766 4452 humanam
786 4385 845 4452 V(r
863 4386 1007 4451 1111111111.)

1100 4471 1133 4520 9*
