<?xml version="1.0" encoding="UTF-8"?>
<!DOCTYPE html PUBLIC "-//W3C//DTD XHTML 1.0 Transitional//EN"
    "http://www.w3.org/TR/xhtml1/DTD/xhtml1-transitional.dtd">
<html xmlns="http://www.w3.org/1999/xhtml" xml:lang="en" lang="en">
 <head>
  <title>
</title>
<meta http-equiv="Content-Type" content="text/html;charset=utf-8" />
  <meta name='ocr-system' content='tesseract 3.04.00' />
  <meta name='ocr-capabilities' content='ocr_page ocr_carea ocr_par ocr_line ocrx_word'/>
</head>
<body>
  <div class='ocr_page' id='page_1' title='image "./corpusscriptoru19wiengoog_0238.png"; bbox 0 0 3100 4892; ppageno 0'>
   <div class='ocr_carea' id='block_1_1' title="bbox 232 375 982 443">
    <p class='ocr_par' dir='ltr' id='par_1_1' title="bbox 232 375 982 443">
     <span class='ocr_line' id='line_1_1' title="bbox 232 375 982 443; baseline -0.011 -9"><span class='ocrx_word' id='word_1_1' title='bbox 232 375 294 440; x_wconf 75' lang='lat'><strong>152</strong></span> <span class='ocrx_word' id='word_1_2' title='bbox 613 375 650 428; x_wconf 92' lang='grc' dir='ltr'><strong>Π.</strong></span> <span class='ocrx_word' id='word_1_3' title='bbox 669 375 713 428; x_wconf 88' lang='lat' dir='ltr'><strong>De</strong></span> <span class='ocrx_word' id='word_1_4' title='bbox 731 375 852 443; x_wconf 88' lang='lat' dir='ltr'><strong>spiritu</strong></span> <span class='ocrx_word' id='word_1_5' title='bbox 871 377 982 427; x_wconf 81' lang='lat' dir='ltr'><strong>sancto</strong></span> 
     </span>
    </p>
   </div>
   <div class='ocr_carea' id='block_1_2' title="bbox 180 550 1380 3434">
    <p class='ocr_par' dir='ltr' id='par_1_2' title="bbox 180 550 1380 3434">
     <span class='ocr_line' id='line_1_2' title="bbox 231 550 1364 616; baseline -0.001 -2"><span class='ocrx_word' id='word_1_6' title='bbox 231 569 299 615; x_wconf 92' lang='lat' dir='ltr'><strong>esse</strong></span> <span class='ocrx_word' id='word_1_7' title='bbox 330 555 448 615; x_wconf 86' lang='lat' dir='ltr'><strong>statuat</strong></span> <span class='ocrx_word' id='word_1_8' title='bbox 477 555 510 615; x_wconf 85' lang='lat' dir='ltr'><strong>et</strong></span> <span class='ocrx_word' id='word_1_9' title='bbox 538 551 648 616; x_wconf 90' lang='lat' dir='ltr'><strong>minori</strong></span> <span class='ocrx_word' id='word_1_10' title='bbox 679 550 850 615; x_wconf 81' lang='lat' dir='ltr'>debitorem</span> <span class='ocrx_word' id='word_1_11' title='bbox 882 551 919 613; x_wconf 87' lang='lat' dir='ltr'><strong>de</strong></span> <span class='ocrx_word' id='word_1_12' title='bbox 949 550 1138 614; x_wconf 81' lang='lat' dir='ltr'><strong>contumelia</strong></span> <span class='ocrx_word' id='word_1_13' title='bbox 1165 551 1290 614; x_wconf 87' lang='lat' dir='ltr'><strong>maioris</strong></span> <span class='ocrx_word' id='word_1_14' title='bbox 1313 550 1364 614; x_wconf 87' lang='lat' dir='ltr'><strong>ad-</strong></span> 
     </span>
     <span class='ocr_line' id='line_1_3' title="bbox 231 654 1365 739; baseline 0.001 -20"><span class='ocrx_word' id='word_1_15' title='bbox 231 656 323 719; x_wconf 88' lang='lat' dir='ltr'><strong>dicat.</strong></span> <span class='ocrx_word' id='word_1_16' title='bbox 370 674 432 719; x_wconf 88' lang='lat' dir='ltr'><strong>nan</strong></span> <span class='ocrx_word' id='word_1_17' title='bbox 462 656 506 719; x_wconf 88' lang='lat' dir='ltr'><strong>ita</strong></span> <span class='ocrx_word' id='word_1_18' title='bbox 536 659 592 719; x_wconf 87' lang='lat' dir='ltr'><strong>est.</strong></span> <span class='ocrx_word' id='word_1_19' title='bbox 639 656 805 720; x_wconf 88' lang='lat' dir='ltr'><strong>manifeste</strong></span> <span class='ocrx_word' id='word_1_20' title='bbox 835 654 942 718; x_wconf 91' lang='lat' dir='ltr'><strong>diuina</strong></span> <span class='ocrx_word' id='word_1_21' title='bbox 966 654 1125 739; x_wconf 85' lang='lat' dir='ltr'><strong>praeditus</strong></span> <span class='ocrx_word' id='word_1_22' title='bbox 1149 659 1198 719; x_wconf 88' lang='lat' dir='ltr'><strong>est</strong></span> <span class='ocrx_word' id='word_1_23' title='bbox 1218 657 1365 737; x_wconf 85' lang='lat' dir='ltr'><strong>putentia,</strong></span> 
     </span>
     <span class='ocr_line' id='line_1_4' title="bbox 232 758 1365 844; baseline -0.002 -21"><span class='ocrx_word' id='word_1_24' title='bbox 232 760 270 824; x_wconf 89' lang='lat' dir='ltr'><strong>ad</strong></span> <span class='ocrx_word' id='word_1_25' title='bbox 300 778 394 842; x_wconf 90' lang='lat' dir='ltr'><strong>quem</strong></span> <span class='ocrx_word' id='word_1_26' title='bbox 425 759 579 844; x_wconf 86' lang='lat' dir='ltr'><strong>sacrilegii</strong></span> <span class='ocrx_word' id='word_1_27' title='bbox 612 759 745 824; x_wconf 87' lang='lat' dir='ltr'><strong>refertur</strong></span> <span class='ocrx_word' id='word_1_28' title='bbox 774 759 903 840; x_wconf 81' lang='lat' dir='ltr'><strong>offensa,</strong></span> <span class='ocrx_word' id='word_1_29' title='bbox 934 759 971 823; x_wconf 89' lang='lat' dir='ltr'><strong>de</strong></span> <span class='ocrx_word' id='word_1_30' title='bbox 1000 777 1060 840; x_wconf 83' lang='lat' dir='ltr'><strong>quc</strong></span> <span class='ocrx_word' id='word_1_31' title='bbox 1092 758 1152 822; x_wconf 89' lang='lat' dir='ltr'><strong>alie</strong></span> <span class='ocrx_word' id='word_1_32' title='bbox 1182 759 1248 824; x_wconf 87' lang='lat' dir='ltr'><strong>lccc</strong></span> <span class='ocrx_word' id='word_1_33' title='bbox 1279 759 1365 823; x_wconf 87' lang='lat' dir='ltr'><strong>dicit:</strong></span> 
     </span>
     <span class='ocr_line' id='line_1_5' title="bbox 232 863 1366 952; baseline 0 -24"><span class='ocrx_word' id='word_1_34' title='bbox 232 865 293 946; x_wconf 90' lang='lat' dir='ltr'><strong>qni</strong></span> <span class='ocrx_word' id='word_1_35' title='bbox 324 869 447 928; x_wconf 85' lang='lat' dir='ltr'><strong>autem</strong></span> <span class='ocrx_word' id='word_1_36' title='bbox 474 863 798 947; x_wconf 87' lang='lat' dir='ltr'><strong>blasphemauerit</strong></span> <span class='ocrx_word' id='word_1_37' title='bbox 821 863 856 928; x_wconf 90' lang='lat' dir='ltr'><strong>in</strong></span> <span class='ocrx_word' id='word_1_38' title='bbox 880 863 1057 952; x_wconf 85' lang='lat' dir='ltr'><strong>spiritum</strong></span> <span class='ocrx_word' id='word_1_39' title='bbox 1081 867 1265 944; x_wconf 84' lang='lat' dir='ltr'><strong>sanctum,</strong></span> <span class='ocrx_word' id='word_1_40' title='bbox 1297 881 1366 928; x_wconf 85' lang='lat' dir='ltr'><strong>nou</strong></span> 
     </span>
     <span class='ocr_line' id='line_1_6' title="bbox 192 967 1366 1050; baseline -0.002 -16"><span class='ocrx_word' id='word_1_41' title='bbox 192 967 386 1034; x_wconf 77' lang='lat' dir='ltr'><strong>shabebit</strong></span> <span class='ocrx_word' id='word_1_42' title='bbox 414 969 670 1033; x_wconf 87' lang='lat' dir='ltr'><strong>remissionem</strong></span> <span class='ocrx_word' id='word_1_43' title='bbox 700 987 819 1050; x_wconf 84' lang='lat' dir='ltr'><strong>neque</strong></span> <span class='ocrx_word' id='word_1_44' title='bbox 849 969 885 1032; x_wconf 91' lang='lat' dir='ltr'><strong>in</strong></span> <span class='ocrx_word' id='word_1_45' title='bbox 916 968 983 1032; x_wconf 89' lang='lat' dir='ltr'><strong>hcc</strong></span> <span class='ocrx_word' id='word_1_46' title='bbox 1013 969 1163 1032; x_wconf 87' lang='lat' dir='ltr'><strong>saecule</strong></span> <span class='ocrx_word' id='word_1_47' title='bbox 1189 969 1366 1050; x_wconf 81' lang='lat' dir='ltr'><strong>usquein</strong></span> 
     </span>
     <span class='ocr_line' id='line_1_7' title="bbox 231 1073 1368 1158; baseline -0.001 -21"><span class='ocrx_word' id='word_1_48' title='bbox 231 1073 368 1137; x_wconf 85' lang='lat' dir='ltr'><strong>futuro.</strong></span> <span class='ocrx_word' id='word_1_49' title='bbox 409 1092 481 1137; x_wconf 86' lang='lat' dir='ltr'><strong>cum</strong></span> <span class='ocrx_word' id='word_1_50' title='bbox 505 1092 578 1158; x_wconf 86' lang='lat' dir='ltr'><strong>ergo</strong></span> <span class='ocrx_word' id='word_1_51' title='bbox 601 1074 847 1157; x_wconf 80' lang='lat' dir='ltr'><strong>transgressione</strong></span> <span class='ocrx_word' id='word_1_52' title='bbox 870 1073 1071 1157; x_wconf 87' lang='lat' dir='ltr'><strong>temptauerit</strong></span> <span class='ocrx_word' id='word_1_53' title='bbox 1093 1073 1196 1153; x_wconf 88' lang='lat' dir='ltr'><strong>deum,</strong></span> <span class='ocrx_word' id='word_1_54' title='bbox 1219 1073 1368 1138; x_wconf 78' lang='lat' dir='ltr'><strong>fefellisse</strong></span> 
     </span>
     <span class='ocr_line' id='line_1_8' title="bbox 231 1177 1369 1262; baseline -0.001 -20"><span class='ocrx_word' id='word_1_55' title='bbox 231 1177 345 1242; x_wconf 89' lang='lat' dir='ltr'><strong>dicitur</strong></span> <span class='ocrx_word' id='word_1_56' title='bbox 379 1178 523 1262; x_wconf 86' lang='lat' dir='ltr'><strong>spiritum</strong></span> <span class='ocrx_word' id='word_1_57' title='bbox 554 1181 707 1242; x_wconf 87' lang='lat' dir='ltr'><strong>sanctum.</strong></span> <span class='ocrx_word' id='word_1_58' title='bbox 754 1181 941 1262; x_wconf 88' lang='lat' dir='ltr'><strong>quapropter</strong></span> <span class='ocrx_word' id='word_1_59' title='bbox 967 1177 1094 1261; x_wconf 86' lang='lat' dir='ltr'><strong>spiritns</strong></span> <span class='ocrx_word' id='word_1_60' title='bbox 1125 1177 1225 1242; x_wconf 86' lang='lat' dir='ltr'><strong>sancti</strong></span> <span class='ocrx_word' id='word_1_61' title='bbox 1256 1181 1289 1241; x_wconf 89' lang='lat' dir='ltr'><strong>et</strong></span> <span class='ocrx_word' id='word_1_62' title='bbox 1319 1177 1369 1242; x_wconf 88' lang='lat' dir='ltr'><strong>dei</strong></span> 
     </span>
     <span class='ocr_line' id='line_1_9' title="bbox 230 1282 1368 1366; baseline 0 -20"><span class='ocrx_word' id='word_1_63' title='bbox 230 1300 327 1346; x_wconf 87' lang='lat' dir='ltr'><strong>unam</strong></span> <span class='ocrx_word' id='word_1_64' title='bbox 360 1299 502 1362; x_wconf 85' lang='lat' dir='ltr'><strong>causam,</strong></span> <span class='ocrx_word' id='word_1_65' title='bbox 536 1301 632 1346; x_wconf 91' lang='lat' dir='ltr'><strong>unam</strong></span> <span class='ocrx_word' id='word_1_66' title='bbox 661 1282 808 1366; x_wconf 67' lang='lat' dir='ltr'><strong>glesum,</strong></span> <span class='ocrx_word' id='word_1_67' title='bbox 844 1301 938 1346; x_wconf 87' lang='lat' dir='ltr'><strong>unam</strong></span> <span class='ocrx_word' id='word_1_68' title='bbox 969 1299 1120 1366; x_wconf 82' lang='lat' dir='ltr'><strong>cognosce</strong></span> <span class='ocrx_word' id='word_1_69' title='bbox 1150 1283 1368 1360; x_wconf 87' lang='lat' dir='ltr'><strong>reuerentiam.</strong></span> 
     </span>
     <span class='ocr_line' id='line_1_10' title="bbox 232 1385 1370 1469; baseline 0.002 -21"><span class='ocrx_word' id='word_1_70' title='bbox 232 1389 264 1449; x_wconf 89' lang='lat' dir='ltr'><strong>et</strong></span> <span class='ocrx_word' id='word_1_71' title='bbox 289 1385 358 1450; x_wconf 86' lang='lat' dir='ltr'><strong>iden</strong></span> <span class='ocrx_word' id='word_1_72' title='bbox 385 1386 618 1451; x_wconf 86' lang='lat' dir='ltr'><strong>euidentissime</strong></span> <span class='ocrx_word' id='word_1_73' title='bbox 641 1387 679 1450; x_wconf 90' lang='lat' dir='ltr'><strong>de</strong></span> <span class='ocrx_word' id='word_1_74' title='bbox 702 1386 814 1469; x_wconf 89' lang='lat' dir='ltr'><strong>spiritu</strong></span> <span class='ocrx_word' id='word_1_75' title='bbox 838 1389 943 1450; x_wconf 88' lang='lat' dir='ltr'><strong>sancto</strong></span> <span class='ocrx_word' id='word_1_76' title='bbox 967 1387 1108 1468; x_wconf 75' lang='lat' dir='ltr'><strong>sequenti</strong></span> <span class='ocrx_word' id='word_1_77' title='bbox 1131 1404 1274 1450; x_wconf 87' lang='lat' dir='ltr'><strong>sermone</strong></span> <span class='ocrx_word' id='word_1_78' title='bbox 1297 1404 1370 1450; x_wconf 88' lang='lat' dir='ltr'><strong>ecn-</strong></span> 
     </span>
     <span class='ocr_line' id='line_1_11' title="bbox 180 1489 1282 1572; baseline -0.002 -17"><span class='ocrx_word' id='word_1_79' title='bbox 180 1517 206 1555; x_wconf 82' lang='lat'><strong>10</strong></span> <span class='ocrx_word' id='word_1_80' title='bbox 232 1490 337 1553; x_wconf 86' lang='lat' dir='ltr'><strong>clusit:</strong></span> <span class='ocrx_word' id='word_1_81' title='bbox 360 1508 429 1554; x_wconf 88' lang='lat' dir='ltr'><strong>nen</strong></span> <span class='ocrx_word' id='word_1_82' title='bbox 454 1509 506 1569; x_wconf 90' lang='lat' dir='ltr'><strong>es,</strong></span> <span class='ocrx_word' id='word_1_83' title='bbox 529 1490 640 1572; x_wconf 87' lang='lat' dir='ltr'><strong>inquit,</strong></span> <span class='ocrx_word' id='word_1_84' title='bbox 663 1491 843 1554; x_wconf 89' lang='lat' dir='ltr'><strong>mentitus</strong></span> <span class='ocrx_word' id='word_1_85' title='bbox 867 1489 1096 1570; x_wconf 85' lang='lat' dir='ltr'><strong>hominibus,</strong></span> <span class='ocrx_word' id='word_1_86' title='bbox 1121 1491 1184 1554; x_wconf 88' lang='lat' dir='ltr'><strong>sed</strong></span> <span class='ocrx_word' id='word_1_87' title='bbox 1207 1490 1282 1555; x_wconf 88' lang='lat' dir='ltr'><strong>dec.</strong></span> 
     </span>
     <span class='ocr_line' id='line_1_12' title="bbox 275 1593 1370 1678; baseline 0.001 -21"><span class='ocrx_word' id='word_1_88' title='bbox 275 1593 436 1676; x_wconf 67' lang='lat' dir='ltr'><strong>linquente</strong></span> <span class='ocrx_word' id='word_1_89' title='bbox 459 1594 551 1658; x_wconf 84' lang='lat' dir='ltr'><strong>Petra</strong></span> <span class='ocrx_word' id='word_1_90' title='bbox 575 1595 614 1658; x_wconf 85' lang='lat' dir='ltr'><strong>ad</strong></span> <span class='ocrx_word' id='word_1_91' title='bbox 637 1593 818 1659; x_wconf 75' lang='lat' dir='ltr'><strong>Cornelium</strong></span> <span class='ocrx_word' id='word_1_92' title='bbox 840 1594 1119 1678; x_wconf 81' lang='lat' dir='ltr'><strong>obstupuerunt</strong></span> <span class='ocrx_word' id='word_1_93' title='bbox 1149 1613 1189 1658; x_wconf 86' lang='lat' dir='ltr'><strong>ex</strong></span> <span class='ocrx_word' id='word_1_94' title='bbox 1216 1595 1370 1659; x_wconf 89' lang='lat' dir='ltr'><strong>eircum-</strong></span> 
     </span>
     <span class='ocr_line' id='line_1_13' title="bbox 233 1698 1371 1781; baseline 0.001 -20"><span class='ocrx_word' id='word_1_95' title='bbox 233 1698 376 1762; x_wconf 86' lang='lat' dir='ltr'><strong>cisione</strong></span> <span class='ocrx_word' id='word_1_96' title='bbox 405 1698 555 1779; x_wconf 87' lang='lat' dir='ltr'><strong>fideles,</strong></span> <span class='ocrx_word' id='word_1_97' title='bbox 585 1699 649 1781; x_wconf 90' lang='lat' dir='ltr'><strong>qui</strong></span> <span class='ocrx_word' id='word_1_98' title='bbox 677 1702 862 1764; x_wconf 88' lang='lat' dir='ltr'><strong>uenerant</strong></span> <span class='ocrx_word' id='word_1_99' title='bbox 890 1716 971 1763; x_wconf 90' lang='lat' dir='ltr'><strong>cum</strong></span> <span class='ocrx_word' id='word_1_100' title='bbox 998 1699 1122 1780; x_wconf 88' lang='lat' dir='ltr'><strong>Patre,</strong></span> <span class='ocrx_word' id='word_1_101' title='bbox 1152 1699 1238 1781; x_wconf 91' lang='lat' dir='ltr'><strong>quia</strong></span> <span class='ocrx_word' id='word_1_102' title='bbox 1268 1702 1304 1763; x_wconf 90' lang='lat' dir='ltr'><strong>et</strong></span> <span class='ocrx_word' id='word_1_103' title='bbox 1333 1700 1371 1763; x_wconf 96' lang='lat' dir='ltr'><strong>in</strong></span> 
     </span>
     <span class='ocr_line' id='line_1_14' title="bbox 234 1802 1372 1886; baseline 0 -20"><span class='ocrx_word' id='word_1_104' title='bbox 234 1803 405 1867; x_wconf 86' lang='lat' dir='ltr'><strong>nationes</strong></span> <span class='ocrx_word' id='word_1_105' title='bbox 436 1802 557 1886; x_wconf 84' lang='lat' dir='ltr'><strong>gratia</strong></span> <span class='ocrx_word' id='word_1_106' title='bbox 587 1803 746 1886; x_wconf 85' lang='lat' dir='ltr'><strong>spiritus</strong></span> <span class='ocrx_word' id='word_1_107' title='bbox 773 1804 896 1868; x_wconf 86' lang='lat' dir='ltr'><strong>sancti</strong></span> <span class='ocrx_word' id='word_1_108' title='bbox 919 1803 1061 1868; x_wconf 86' lang='lat' dir='ltr'><strong>diffusa</strong></span> <span class='ocrx_word' id='word_1_109' title='bbox 1084 1807 1149 1867; x_wconf 87' lang='lat' dir='ltr'><strong>est.</strong></span> <span class='ocrx_word' id='word_1_110' title='bbox 1195 1803 1283 1867; x_wconf 88' lang='lat' dir='ltr'><strong>uides</strong></span> <span class='ocrx_word' id='word_1_111' title='bbox 1307 1803 1372 1885; x_wconf 89' lang='lat' dir='ltr'><strong>spi·</strong></span> 
     </span>
     <span class='ocr_line' id='line_1_15' title="bbox 232 1907 1373 1991; baseline -0.001 -20"><span class='ocrx_word' id='word_1_112' title='bbox 232 1907 330 1971; x_wconf 86' lang='lat' dir='ltr'><strong>ritum</strong></span> <span class='ocrx_word' id='word_1_113' title='bbox 360 1910 506 1972; x_wconf 88' lang='lat' dir='ltr'><strong>sanctum</strong></span> <span class='ocrx_word' id='word_1_114' title='bbox 535 1925 598 1971; x_wconf 89' lang='lat' dir='ltr'><strong>non</strong></span> <span class='ocrx_word' id='word_1_115' title='bbox 628 1907 666 1971; x_wconf 91' lang='lat' dir='ltr'><strong>de</strong></span> <span class='ocrx_word' id='word_1_116' title='bbox 694 1908 806 1987; x_wconf 87' lang='lat' dir='ltr'><strong>aliene,</strong></span> <span class='ocrx_word' id='word_1_117' title='bbox 837 1908 891 1971; x_wconf 91' lang='lat' dir='ltr'><strong>sed</strong></span> <span class='ocrx_word' id='word_1_118' title='bbox 921 1907 958 1970; x_wconf 89' lang='lat' dir='ltr'><strong>de</strong></span> <span class='ocrx_word' id='word_1_119' title='bbox 988 1908 1111 1990; x_wconf 84' lang='lat' dir='ltr'><strong>proprie</strong></span> <span class='ocrx_word' id='word_1_120' title='bbox 1140 1907 1275 1991; x_wconf 85' lang='lat' dir='ltr'><strong>gratiam</strong></span> <span class='ocrx_word' id='word_1_121' title='bbox 1298 1925 1373 1971; x_wconf 88' lang='lat' dir='ltr'><strong>con·</strong></span> 
     </span>
     <span class='ocr_line' id='line_1_16' title="bbox 182 2011 1374 2096; baseline 0.002 -20"><span class='ocrx_word' id='word_1_122' title='bbox 182 2012 351 2078; x_wconf 75' lang='lat' dir='ltr'><strong>retulisse.</strong></span> <span class='ocrx_word' id='word_1_123' title='bbox 398 2011 425 2075; x_wconf 89' lang='lat' dir='ltr'><strong>si</strong></span> <span class='ocrx_word' id='word_1_124' title='bbox 446 2011 597 2094; x_wconf 83' lang='lat' dir='ltr'><strong>requiras,</strong></span> <span class='ocrx_word' id='word_1_125' title='bbox 628 2013 696 2094; x_wconf 88' lang='lat' dir='ltr'><strong>quis</strong></span> <span class='ocrx_word' id='word_1_126' title='bbox 720 2013 762 2076; x_wconf 90' lang='lat' dir='ltr'><strong>sit</strong></span> <span class='ocrx_word' id='word_1_127' title='bbox 785 2013 854 2092; x_wconf 90' lang='lat' dir='ltr'><strong>iste,</strong></span> <span class='ocrx_word' id='word_1_128' title='bbox 885 2012 938 2094; x_wconf 89' lang='lat' dir='ltr'><strong>qui</strong></span> <span class='ocrx_word' id='word_1_129' title='bbox 971 2012 1106 2096; x_wconf 84' lang='lat' dir='ltr'><strong>gratiam</strong></span> <span class='ocrx_word' id='word_1_130' title='bbox 1137 2012 1230 2092; x_wconf 86' lang='lat' dir='ltr'><strong>dedit,</strong></span> <span class='ocrx_word' id='word_1_131' title='bbox 1265 2029 1374 2078; x_wconf 88' lang='lat' dir='ltr'><strong>conse-</strong></span> 
     </span>
     <span class='ocr_line' id='line_1_17' title="bbox 232 2116 1376 2200; baseline 0.001 -21"><span class='ocrx_word' id='word_1_132' title='bbox 232 2119 364 2198; x_wconf 88' lang='lat' dir='ltr'><strong>quenter</strong></span> <span class='ocrx_word' id='word_1_133' title='bbox 399 2117 520 2180; x_wconf 88' lang='lat' dir='ltr'><strong>edocuit</strong></span> <span class='ocrx_word' id='word_1_134' title='bbox 553 2116 674 2180; x_wconf 89' lang='lat' dir='ltr'><strong>dicens:</strong></span> <span class='ocrx_word' id='word_1_135' title='bbox 711 2116 741 2179; x_wconf 93' lang='lat' dir='ltr'><strong>si</strong></span> <span class='ocrx_word' id='word_1_136' title='bbox 777 2135 862 2200; x_wconf 85' lang='lat' dir='ltr'><strong>ergo</strong></span> <span class='ocrx_word' id='word_1_137' title='bbox 898 2117 1049 2181; x_wconf 88' lang='lat' dir='ltr'><strong>eandem</strong></span> <span class='ocrx_word' id='word_1_138' title='bbox 1080 2117 1240 2200; x_wconf 87' lang='lat' dir='ltr'><strong>gratiam</strong></span> <span class='ocrx_word' id='word_1_139' title='bbox 1271 2117 1376 2181; x_wconf 90' lang='lat' dir='ltr'><strong>dedit</strong></span> 
     </span>
     <span class='ocr_line' id='line_1_18' title="bbox 232 2220 1376 2304; baseline 0.002 -20"><span class='ocrx_word' id='word_1_140' title='bbox 232 2221 312 2286; x_wconf 93' lang='lat' dir='ltr'><strong>illis</strong></span> <span class='ocrx_word' id='word_1_141' title='bbox 333 2221 432 2285; x_wconf 88' lang='lat' dir='ltr'><strong>deus.</strong></span> <span class='ocrx_word' id='word_1_142' title='bbox 467 2220 550 2285; x_wconf 92' lang='lat' dir='ltr'><strong>hunc</strong></span> <span class='ocrx_word' id='word_1_143' title='bbox 565 2221 684 2304; x_wconf 85' lang='lat' dir='ltr'><strong>gratiae</strong></span> <span class='ocrx_word' id='word_1_144' title='bbox 700 2221 880 2304; x_wconf 86' lang='lat' dir='ltr'><strong>largituram</strong></span> <span class='ocrx_word' id='word_1_145' title='bbox 897 2221 1039 2304; x_wconf 86' lang='lat' dir='ltr'><strong>superius</strong></span> <span class='ocrx_word' id='word_1_146' title='bbox 1056 2221 1200 2303; x_wconf 88' lang='lat' dir='ltr'><strong>spiritum</strong></span> <span class='ocrx_word' id='word_1_147' title='bbox 1217 2224 1376 2302; x_wconf 88' lang='lat' dir='ltr'><strong>sanctum,</strong></span> 
     </span>
     <span class='ocr_line' id='line_1_19' title="bbox 233 2324 1377 2408; baseline 0.001 -19"><span class='ocrx_word' id='word_1_148' title='bbox 233 2325 282 2390; x_wconf 86' lang='lat' dir='ltr'><strong>hic</strong></span> <span class='ocrx_word' id='word_1_149' title='bbox 313 2325 406 2389; x_wconf 89' lang='lat' dir='ltr'><strong>deum</strong></span> <span class='ocrx_word' id='word_1_150' title='bbox 438 2325 614 2406; x_wconf 76' lang='lat' dir='ltr'><strong>specialiter</strong></span> <span class='ocrx_word' id='word_1_151' title='bbox 645 2325 824 2389; x_wconf 86' lang='lat' dir='ltr'><strong>declarauit.</strong></span> <span class='ocrx_word' id='word_1_152' title='bbox 874 2324 939 2389; x_wconf 92' lang='lat' dir='ltr'><strong>illic</strong></span> <span class='ocrx_word' id='word_1_153' title='bbox 969 2325 1102 2408; x_wconf 85' lang='lat' dir='ltr'><strong>proprie,</strong></span> <span class='ocrx_word' id='word_1_154' title='bbox 1133 2325 1184 2389; x_wconf 89' lang='lat' dir='ltr'><strong>hic</strong></span> <span class='ocrx_word' id='word_1_155' title='bbox 1215 2326 1377 2390; x_wconf 88' lang='lat' dir='ltr'><strong>communi</strong></span> 
     </span>
     <span class='ocr_line' id='line_1_20' title="bbox 234 2427 1376 2512; baseline 0.001 -19"><span class='ocrx_word' id='word_1_156' title='bbox 234 2430 360 2495; x_wconf 88' lang='lat' dir='ltr'><strong>nomine</strong></span> <span class='ocrx_word' id='word_1_157' title='bbox 389 2427 539 2512; x_wconf 84' lang='lat' dir='ltr'><strong>probatur</strong></span> <span class='ocrx_word' id='word_1_158' title='bbox 568 2429 682 2493; x_wconf 82' lang='lat' dir='ltr'><strong>iterata</strong></span> <span class='ocrx_word' id='word_1_159' title='bbox 710 2428 873 2494; x_wconf 84' lang='lat' dir='ltr'><strong>confessio.</strong></span> <span class='ocrx_word' id='word_1_160' title='bbox 921 2447 992 2494; x_wconf 92' lang='lat' dir='ltr'><strong>cum</strong></span> <span class='ocrx_word' id='word_1_161' title='bbox 1025 2432 1131 2493; x_wconf 89' lang='lat' dir='ltr'><strong>autem</strong></span> <span class='ocrx_word' id='word_1_162' title='bbox 1162 2429 1251 2494; x_wconf 87' lang='lat' dir='ltr'><strong>dicit:</strong></span> <span class='ocrx_word' id='word_1_163' title='bbox 1282 2431 1376 2494; x_wconf 89' lang='lat' dir='ltr'><strong>etin</strong></span> 
     </span>
     <span class='ocr_line' id='line_1_21' title="bbox 181 2532 1377 2617; baseline -0.003 -16"><span class='ocrx_word' id='word_1_164' title='bbox 181 2560 208 2601; x_wconf 75' lang='lat' dir='ltr'><strong>a</strong></span> <span class='ocrx_word' id='word_1_165' title='bbox 234 2534 377 2598; x_wconf 81' lang='lat' dir='ltr'><strong>nationes</strong></span> <span class='ocrx_word' id='word_1_166' title='bbox 398 2533 498 2617; x_wconf 83' lang='lat' dir='ltr'><strong>gratia</strong></span> <span class='ocrx_word' id='word_1_167' title='bbox 520 2534 648 2617; x_wconf 85' lang='lat' dir='ltr'><strong>spiritus</strong></span> <span class='ocrx_word' id='word_1_168' title='bbox 671 2535 770 2598; x_wconf 88' lang='lat' dir='ltr'><strong>sancti</strong></span> <span class='ocrx_word' id='word_1_169' title='bbox 793 2532 892 2598; x_wconf 81' lang='lat' dir='ltr'><strong>effusa</strong></span> <span class='ocrx_word' id='word_1_170' title='bbox 914 2537 972 2614; x_wconf 89' lang='lat' dir='ltr'><strong>est,</strong></span> <span class='ocrx_word' id='word_1_171' title='bbox 995 2533 1063 2617; x_wconf 89' lang='lat' dir='ltr'><strong>ipse</strong></span> <span class='ocrx_word' id='word_1_172' title='bbox 1079 2537 1207 2598; x_wconf 87' lang='lat' dir='ltr'><strong>naturae</strong></span> <span class='ocrx_word' id='word_1_173' title='bbox 1223 2534 1298 2597; x_wconf 89' lang='lat' dir='ltr'><strong>dens</strong></span> <span class='ocrx_word' id='word_1_174' title='bbox 1316 2538 1377 2614; x_wconf 88' lang='lat' dir='ltr'><strong>est,</strong></span> 
     </span>
     <span class='ocr_line' id='line_1_22' title="bbox 235 2637 1377 2722; baseline 0.003 -21"><span class='ocrx_word' id='word_1_175' title='bbox 235 2637 288 2720; x_wconf 88' lang='lat' dir='ltr'><strong>qui</strong></span> <span class='ocrx_word' id='word_1_176' title='bbox 311 2641 417 2702; x_wconf 83' lang='lat' dir='ltr'><strong>auctor</strong></span> <span class='ocrx_word' id='word_1_177' title='bbox 440 2641 489 2702; x_wconf 91' lang='lat' dir='ltr'><strong>est</strong></span> <span class='ocrx_word' id='word_1_178' title='bbox 511 2639 638 2722; x_wconf 85' lang='lat' dir='ltr'><strong>gratiae.</strong></span> <span class='ocrx_word' id='word_1_179' title='bbox 674 2638 732 2702; x_wconf 90' lang='lat' dir='ltr'><strong>scli</strong></span> <span class='ocrx_word' id='word_1_180' title='bbox 755 2637 812 2702; x_wconf 90' lang='lat' dir='ltr'><strong>deo</strong></span> <span class='ocrx_word' id='word_1_181' title='bbox 836 2639 986 2721; x_wconf 81' lang='lat' dir='ltr'><strong>competit</strong></span> <span class='ocrx_word' id='word_1_182' title='bbox 1009 2638 1047 2701; x_wconf 91' lang='lat' dir='ltr'><strong>de</strong></span> <span class='ocrx_word' id='word_1_183' title='bbox 1070 2656 1126 2703; x_wconf 92' lang='lat' dir='ltr'><strong>suc</strong></span> <span class='ocrx_word' id='word_1_184' title='bbox 1148 2639 1377 2704; x_wconf 76' lang='lat' dir='ltr'><strong>charismatum</strong></span> 
     </span>
     <span class='ocr_line' id='line_1_23' title="bbox 235 2741 1378 2826; baseline 0.001 -21"><span class='ocrx_word' id='word_1_185' title='bbox 235 2742 317 2806; x_wconf 88' lang='lat' dir='ltr'><strong>dena</strong></span> <span class='ocrx_word' id='word_1_186' title='bbox 344 2742 461 2826; x_wconf 84' lang='lat' dir='ltr'><strong>largiri,</strong></span> <span class='ocrx_word' id='word_1_187' title='bbox 493 2746 529 2806; x_wconf 86' lang='lat' dir='ltr'><strong>ut</strong></span> <span class='ocrx_word' id='word_1_188' title='bbox 559 2745 590 2805; x_wconf 86' lang='lat' dir='ltr'><strong>et</strong></span> <span class='ocrx_word' id='word_1_189' title='bbox 620 2742 657 2805; x_wconf 86' lang='lat' dir='ltr'><strong>de</strong></span> <span class='ocrx_word' id='word_1_190' title='bbox 688 2759 724 2806; x_wconf 86' lang='lat' dir='ltr'><strong>ec</strong></span> <span class='ocrx_word' id='word_1_191' title='bbox 755 2742 914 2825; x_wconf 86' lang='lat' dir='ltr'><strong>apostolus</strong></span> <span class='ocrx_word' id='word_1_192' title='bbox 938 2741 1050 2806; x_wconf 81' lang='lat' dir='ltr'><strong>dixisse</strong></span> <span class='ocrx_word' id='word_1_193' title='bbox 1074 2741 1231 2806; x_wconf 87' lang='lat' dir='ltr'><strong>uideatur:</strong></span> <span class='ocrx_word' id='word_1_194' title='bbox 1262 2741 1378 2807; x_wconf 87' lang='lat' dir='ltr'><strong>abun-</strong></span> 
     </span>
     <span class='ocr_line' id='line_1_24' title="bbox 235 2846 1379 2930; baseline 0 -20"><span class='ocrx_word' id='word_1_195' title='bbox 235 2846 386 2911; x_wconf 88' lang='lat' dir='ltr'><strong>dantius</strong></span> <span class='ocrx_word' id='word_1_196' title='bbox 417 2846 497 2911; x_wconf 91' lang='lat' dir='ltr'><strong>illis</strong></span> <span class='ocrx_word' id='word_1_197' title='bbox 527 2846 700 2911; x_wconf 84' lang='lat' dir='ltr'><strong>omnibus</strong></span> <span class='ocrx_word' id='word_1_198' title='bbox 730 2846 912 2911; x_wconf 88' lang='lat' dir='ltr'><strong>laboraui.</strong></span> <span class='ocrx_word' id='word_1_199' title='bbox 958 2864 1028 2910; x_wconf 88' lang='lat' dir='ltr'><strong>nnn</strong></span> <span class='ocrx_word' id='word_1_200' title='bbox 1053 2849 1281 2930; x_wconf 73' lang='lat' dir='ltr'><strong>egestatem,</strong></span> <span class='ocrx_word' id='word_1_201' title='bbox 1312 2847 1379 2910; x_wconf 89' lang='lat' dir='ltr'><strong>sed</strong></span> 
     </span>
     <span class='ocr_line' id='line_1_25' title="bbox 235 2950 1379 3035; baseline 0 -20"><span class='ocrx_word' id='word_1_202' title='bbox 235 2951 359 3035; x_wconf 84' lang='lat' dir='ltr'><strong>gratia</strong></span> <span class='ocrx_word' id='word_1_203' title='bbox 388 2951 446 3014; x_wconf 91' lang='lat' dir='ltr'><strong>dei</strong></span> <span class='ocrx_word' id='word_1_204' title='bbox 477 2968 628 3015; x_wconf 89' lang='lat' dir='ltr'><strong>meeum.</strong></span> <span class='ocrx_word' id='word_1_205' title='bbox 674 2952 785 3015; x_wconf 89' lang='lat' dir='ltr'><strong>meritc</strong></span> <span class='ocrx_word' id='word_1_206' title='bbox 816 2951 891 3015; x_wconf 88' lang='lat' dir='ltr'><strong>deus</strong></span> <span class='ocrx_word' id='word_1_207' title='bbox 915 2950 1144 3033; x_wconf 83' lang='lat' dir='ltr'><strong>pronuntiatur,</strong></span> <span class='ocrx_word' id='word_1_208' title='bbox 1175 2951 1228 3031; x_wconf 89' lang='lat' dir='ltr'><strong>qui</strong></span> <span class='ocrx_word' id='word_1_209' title='bbox 1251 2950 1379 3033; x_wconf 88' lang='lat' dir='ltr'><strong>dispen-</strong></span> 
     </span>
     <span class='ocr_line' id='line_1_26' title="bbox 183 3054 1379 3139; baseline -0.001 -20"><span class='ocrx_word' id='word_1_210' title='bbox 183 3079 210 3120; x_wconf 71' lang='lat' dir='ltr'><strong>rs</strong></span> <span class='ocrx_word' id='word_1_211' title='bbox 237 3058 322 3119; x_wconf 88' lang='lat' dir='ltr'><strong>satcr</strong></span> <span class='ocrx_word' id='word_1_212' title='bbox 348 3059 396 3119; x_wconf 88' lang='lat' dir='ltr'><strong>est</strong></span> <span class='ocrx_word' id='word_1_213' title='bbox 417 3056 536 3139; x_wconf 83' lang='lat' dir='ltr'><strong>gratiae</strong></span> <span class='ocrx_word' id='word_1_214' title='bbox 559 3058 591 3119; x_wconf 85' lang='lat' dir='ltr'><strong>et</strong></span> <span class='ocrx_word' id='word_1_215' title='bbox 612 3054 723 3120; x_wconf 88' lang='lat' dir='ltr'><strong>salutis</strong></span> <span class='ocrx_word' id='word_1_216' title='bbox 755 3055 921 3120; x_wconf 86' lang='lat' dir='ltr'><strong>humanae.</strong></span> <span class='ocrx_word' id='word_1_217' title='bbox 968 3058 999 3118; x_wconf 87' lang='lat' dir='ltr'><strong>et</strong></span> <span class='ocrx_word' id='word_1_218' title='bbox 1029 3055 1115 3119; x_wconf 88' lang='lat' dir='ltr'><strong>addit</strong></span> <span class='ocrx_word' id='word_1_219' title='bbox 1135 3055 1262 3118; x_wconf 86' lang='lat' dir='ltr'><strong>Petrus:</strong></span> <span class='ocrx_word' id='word_1_220' title='bbox 1294 3056 1379 3137; x_wconf 87' lang='lat' dir='ltr'><strong>quis</strong></span> 
     </span>
     <span class='ocr_line' id='line_1_27' title="bbox 236 3159 1379 3243; baseline -0.001 -20"><span class='ocrx_word' id='word_1_221' title='bbox 236 3177 303 3243; x_wconf 81' lang='lat' dir='ltr'><strong>ege</strong></span> <span class='ocrx_word' id='word_1_222' title='bbox 333 3177 446 3239; x_wconf 88' lang='lat' dir='ltr'><strong>eram,</strong></span> <span class='ocrx_word' id='word_1_223' title='bbox 476 3160 537 3241; x_wconf 91' lang='lat' dir='ltr'><strong>qui</strong></span> <span class='ocrx_word' id='word_1_224' title='bbox 566 3178 715 3243; x_wconf 86' lang='lat' dir='ltr'><strong>possem</strong></span> <span class='ocrx_word' id='word_1_225' title='bbox 744 3159 943 3242; x_wconf 86' lang='lat' dir='ltr'><strong>prohibere</strong></span> <span class='ocrx_word' id='word_1_226' title='bbox 975 3159 1104 3223; x_wconf 78' lang='lat' dir='ltr'><strong>deum?</strong></span> <span class='ocrx_word' id='word_1_227' title='bbox 1148 3159 1238 3222; x_wconf 91' lang='lat' dir='ltr'><strong>illum</strong></span> <span class='ocrx_word' id='word_1_228' title='bbox 1268 3159 1379 3241; x_wconf 84' lang='lat' dir='ltr'><strong>ulique</strong></span> 
     </span>
     <span class='ocr_line' id='line_1_28' title="bbox 237 3263 1380 3346; baseline -0.002 -18"><span class='ocrx_word' id='word_1_229' title='bbox 237 3265 341 3345; x_wconf 90' lang='lat' dir='ltr'><strong>deum,</strong></span> <span class='ocrx_word' id='word_1_230' title='bbox 372 3264 424 3346; x_wconf 90' lang='lat' dir='ltr'><strong>qui</strong></span> <span class='ocrx_word' id='word_1_231' title='bbox 455 3283 488 3328; x_wconf 91' lang='lat' dir='ltr'><strong>se</strong></span> <span class='ocrx_word' id='word_1_232' title='bbox 517 3265 550 3328; x_wconf 93' lang='lat' dir='ltr'><strong>in</strong></span> <span class='ocrx_word' id='word_1_233' title='bbox 581 3264 723 3329; x_wconf 86' lang='lat' dir='ltr'><strong>nationes</strong></span> <span class='ocrx_word' id='word_1_234' title='bbox 752 3265 804 3328; x_wconf 91' lang='lat' dir='ltr'><strong>uel</strong></span> <span class='ocrx_word' id='word_1_235' title='bbox 834 3264 866 3327; x_wconf 92' lang='lat' dir='ltr'><strong>in</strong></span> <span class='ocrx_word' id='word_1_236' title='bbox 898 3263 1076 3328; x_wconf 80' lang='lat' dir='ltr'><strong>Cornelium</strong></span> <span class='ocrx_word' id='word_1_237' title='bbox 1107 3263 1225 3346; x_wconf 85' lang='lat' dir='ltr'><strong>impetu</strong></span> <span class='ocrx_word' id='word_1_238' title='bbox 1257 3263 1380 3346; x_wconf 86' lang='lat' dir='ltr'><strong>gratiae</strong></span> 
     </span>
     <span class='ocr_line' id='line_1_29' title="bbox 237 3366 560 3434; baseline 0 -2"><span class='ocrx_word' id='word_1_239' title='bbox 237 3368 419 3434; x_wconf 87' lang='lat' dir='ltr'><strong>inundantis</strong></span> <span class='ocrx_word' id='word_1_240' title='bbox 443 3366 560 3433; x_wconf 84' lang='lat' dir='ltr'><strong>effudit.</strong></span> 
     </span>
    </p>
   </div>
   <div class='ocr_carea' id='block_1_3' title="bbox 238 3583 1379 3744">
    <p class='ocr_par' dir='ltr' id='par_1_3' title="bbox 238 3583 1379 3744">
     <span class='ocr_line' id='line_1_30' title="bbox 340 3583 1379 3655; baseline -0.001 -16"><span class='ocrx_word' id='word_1_241' title='bbox 340 3585 550 3655; x_wconf 62' lang='lat' dir='ltr'><strong>carneam.</strong></span> <span class='ocrx_word' id='word_1_242' title='bbox 594 3585 637 3654; x_wconf 88' lang='lat'><strong>11]</strong></span> <span class='ocrx_word' id='word_1_243' title='bbox 650 3586 709 3639; x_wconf 78' lang='lat' dir='ltr'><strong>Aet.</strong></span> <span class='ocrx_word' id='word_1_244' title='bbox 722 3585 814 3651; x_wconf 76' lang='lat' dir='ltr'><strong>rac.</strong></span> <span class='ocrx_word' id='word_1_245' title='bbox 857 3583 1085 3654; x_wconf 67' lang='lat' dir='ltr'><strong>numeram.</strong></span> <span class='ocrx_word' id='word_1_246' title='bbox 1125 3583 1273 3652; x_wconf 71' lang='lat' dir='ltr'><strong>aaran.</strong></span> <span class='ocrx_word' id='word_1_247' title='bbox 1285 3587 1327 3649; x_wconf 87' lang='lat'><strong>15,</strong></span> <span class='ocrx_word' id='word_1_248' title='bbox 1339 3588 1379 3640; x_wconf 80' lang='grc' dir='ltr'><strong>ιο.</strong></span> 
     </span>
     <span class='ocr_line' id='line_1_31' title="bbox 238 3671 473 3744; baseline -0.021 -14"><span class='ocrx_word' id='word_1_249' title='bbox 238 3674 284 3744; x_wconf 77' lang='lat'><strong>25]</strong></span> <span class='ocrx_word' id='word_1_250' title='bbox 303 3671 363 3728; x_wconf 77' lang='lat' dir='ltr'><strong>net.</strong></span> <span class='ocrx_word' id='word_1_251' title='bbox 378 3676 419 3738; x_wconf 87' lang='lat'><strong>11.</strong></span> <span class='ocrx_word' id='word_1_252' title='bbox 433 3675 473 3729; x_wconf 83' lang='grc'><strong>17.</strong></span> 
     </span>
    </p>
   </div>
   <div class='ocr_carea' id='block_1_4' title="bbox 239 3845 1384 4303">
    <p class='ocr_par' dir='ltr' id='par_1_4' title="bbox 239 3845 1384 4303">
     <span class='ocr_line' id='line_1_32' title="bbox 285 3845 1382 3955; baseline -0.004 -7"><span class='ocrx_word' id='word_1_253' title='bbox 285 3892 496 3948; x_wconf 85' lang='lat' dir='ltr'><strong>leonatituata</strong></span> <span class='ocrx_word' id='word_1_254' title='bbox 548 3889 661 3943; x_wconf 81' lang='lat' dir='ltr'><strong>meineri</strong></span> <span class='ocrx_word' id='word_1_255' title='bbox 679 3890 707 3944; x_wconf 88' lang='lat' dir='ltr'><strong><em>P</em></strong></span> <span class='ocrx_word' id='word_1_256' title='bbox 758 3845 865 3941; x_wconf 66' lang='lat' dir='ltr'><strong>afrdicat</strong></span> <span class='ocrx_word' id='word_1_257' title='bbox 880 3888 907 3942; x_wconf 84' lang='lat' dir='ltr'><em>R</em></span> <span class='ocrx_word' id='word_1_258' title='bbox 960 3885 1137 3941; x_wconf 63' lang='lat' dir='ltr'><strong>‘amanilesta</strong></span> <span class='ocrx_word' id='word_1_259' title='bbox 1149 3887 1182 3955; x_wconf 90' lang='lat' dir='ltr'><strong>P,</strong></span> <span class='ocrx_word' id='word_1_260' title='bbox 1201 3885 1382 3944; x_wconf 69' lang='lat' dir='ltr'><strong>manifestor</strong></span> 
     </span>
     <span class='ocr_line' id='line_1_33' title="bbox 239 3973 1383 4050; baseline -0.004 -14"><span class='ocrx_word' id='word_1_261' title='bbox 239 3979 376 4050; x_wconf 84' lang='lat' dir='ltr'><strong>praeditus</strong></span> <span class='ocrx_word' id='word_1_262' title='bbox 399 3982 440 4032; x_wconf 88' lang='lat' dir='ltr'><strong>est</strong></span> <span class='ocrx_word' id='word_1_263' title='bbox 461 3977 592 4031; x_wconf 83' lang='lat' dir='ltr'><strong>diuinae</strong></span> <span class='ocrx_word' id='word_1_264' title='bbox 661 3975 809 4031; x_wconf 81' lang='lat' dir='ltr'><strong>30ffenssa</strong></span> <span class='ocrx_word' id='word_1_265' title='bbox 827 3977 854 4029; x_wconf 94' lang='lat' dir='ltr'><em>P</em></span> <span class='ocrx_word' id='word_1_266' title='bbox 889 3973 893 3982; x_wconf 91' lang='lat'>&#39;</span> <span class='ocrx_word' id='word_1_267' title='bbox 923 3974 980 4028; x_wconf 88' lang='lat' dir='ltr'><strong>leco</strong></span> <span class='ocrx_word' id='word_1_268' title='bbox 1002 3975 1065 4030; x_wconf 76' lang='lat' dir='ltr'><strong>adal.</strong></span> <span class='ocrx_word' id='word_1_269' title='bbox 1084 3975 1129 4030; x_wconf 79' lang='lat' dir='ltr'><strong>R²</strong></span> <span class='ocrx_word' id='word_1_270' title='bbox 1197 3977 1383 4031; x_wconf 78' lang='lat' dir='ltr'><strong>lsanetusc</strong></span> 
     </span>
     <span class='ocr_line' id='line_1_34' title="bbox 239 4061 1380 4132; baseline -0.007 -9"><span class='ocrx_word' id='word_1_271' title='bbox 239 4067 444 4123; x_wconf 85' lang='lat' dir='ltr'><strong>9ccncluditv</strong></span> <span class='ocrx_word' id='word_1_272' title='bbox 498 4067 529 4119; x_wconf 84' lang='grc'><strong>12</strong></span> <span class='ocrx_word' id='word_1_273' title='bbox 548 4064 610 4132; x_wconf 87' lang='lat' dir='ltr'><strong>quia</strong></span> <span class='ocrx_word' id='word_1_274' title='bbox 627 4081 763 4132; x_wconf 75' lang='lat' dir='ltr'><strong>suprascr.</strong></span> <span class='ocrx_word' id='word_1_275' title='bbox 777 4063 823 4128; x_wconf 78' lang='lat' dir='ltr'><strong>R²,</strong></span> <span class='ocrx_word' id='word_1_276' title='bbox 842 4079 892 4117; x_wconf 84' lang='lat' dir='ltr'><strong>cm.</strong></span> <span class='ocrx_word' id='word_1_277' title='bbox 913 4063 940 4116; x_wconf 90' lang='lat' dir='ltr'><strong><em>P</em></strong></span> <span class='ocrx_word' id='word_1_278' title='bbox 993 4063 1024 4116; x_wconf 89' lang='grc'><strong>13</strong></span> <span class='ocrx_word' id='word_1_279' title='bbox 1043 4061 1158 4116; x_wconf 82' lang='lat' dir='ltr'><strong>effusae</strong></span> <span class='ocrx_word' id='word_1_280' title='bbox 1213 4063 1245 4116; x_wconf 84' lang='grc'><strong>14</strong></span> <span class='ocrx_word' id='word_1_281' title='bbox 1262 4061 1380 4129; x_wconf 79' lang='lat' dir='ltr'><strong>gratiam</strong></span> 
     </span>
     <span class='ocr_line' id='line_1_35' title="bbox 240 4145 1382 4219; baseline -0.006 -8"><span class='ocrx_word' id='word_1_282' title='bbox 240 4174 290 4211; x_wconf 83' lang='lat' dir='ltr'><strong>cm.</strong></span> <span class='ocrx_word' id='word_1_283' title='bbox 318 4173 334 4210; x_wconf 84' lang='lat' dir='ltr'><strong>c</strong></span> <span class='ocrx_word' id='word_1_284' title='bbox 410 4155 441 4207; x_wconf 80' lang='lat'><strong>15</strong></span> <span class='ocrx_word' id='word_1_285' title='bbox 470 4151 693 4219; x_wconf 86' lang='lat' dir='ltr'><strong>dedit-gratiam</strong></span> <span class='ocrx_word' id='word_1_286' title='bbox 720 4167 770 4205; x_wconf 83' lang='lat' dir='ltr'><strong>cnr.</strong></span> <span class='ocrx_word' id='word_1_287' title='bbox 800 4150 827 4202; x_wconf 92' lang='lat' dir='ltr'><strong><em>P</em></strong></span> <span class='ocrx_word' id='word_1_288' title='bbox 902 4151 936 4203; x_wconf 80' lang='lat'><strong>20</strong></span> <span class='ocrx_word' id='word_1_289' title='bbox 962 4147 1050 4215; x_wconf 82' lang='lat' dir='ltr'><strong>gratia</strong></span> <span class='ocrx_word' id='word_1_290' title='bbox 1076 4155 1139 4203; x_wconf 83' lang='lat' dir='ltr'><strong>ante</strong></span> <span class='ocrx_word' id='word_1_291' title='bbox 1166 4145 1232 4200; x_wconf 88' lang='lat' dir='ltr'><strong>dicit</strong></span> <span class='ocrx_word' id='word_1_292' title='bbox 1257 4149 1339 4204; x_wconf 73' lang='lat' dir='ltr'><strong>habel</strong></span> <span class='ocrx_word' id='word_1_293' title='bbox 1365 4167 1382 4204; x_wconf 81' lang='lat' dir='ltr'><strong>a</strong></span> 
     </span>
     <span class='ocr_line' id='line_1_36' title="bbox 240 4233 1384 4303; baseline -0.005 -6"><span class='ocrx_word' id='word_1_294' title='bbox 240 4245 272 4297; x_wconf 81' lang='lat'><strong>21</strong></span> <span class='ocrx_word' id='word_1_295' title='bbox 292 4241 464 4294; x_wconf 85' lang='lat' dir='ltr'><strong>carismatum</strong></span> <span class='ocrx_word' id='word_1_296' title='bbox 484 4239 536 4294; x_wconf 78' lang='lat' dir='ltr'><strong>Pil</strong></span> <span class='ocrx_word' id='word_1_297' title='bbox 588 4240 622 4294; x_wconf 83' lang='grc'><strong>22</strong></span> <span class='ocrx_word' id='word_1_298' title='bbox 639 4235 888 4292; x_wconf 82' lang='lat' dir='ltr'><strong>habundantiusR</strong></span> <span class='ocrx_word' id='word_1_299' title='bbox 941 4238 973 4294; x_wconf 81' lang='lat'><strong>25</strong></span> <span class='ocrx_word' id='word_1_300' title='bbox 993 4233 1131 4291; x_wconf 83' lang='lat' dir='ltr'><strong>addiditv</strong></span> <span class='ocrx_word' id='word_1_301' title='bbox 1183 4236 1216 4292; x_wconf 78' lang='lat'><strong>27</strong></span> <span class='ocrx_word' id='word_1_302' title='bbox 1236 4233 1275 4303; x_wconf 87' lang='lat' dir='ltr'><strong>se]</strong></span> <span class='ocrx_word' id='word_1_303' title='bbox 1295 4239 1337 4287; x_wconf 85' lang='lat' dir='ltr'><strong>est</strong></span> <span class='ocrx_word' id='word_1_304' title='bbox 1357 4235 1384 4291; x_wconf 91' lang='lat' dir='ltr'>P</span> 
     </span>
    </p>
   </div>
   <div class='ocr_carea' id='block_1_5' title="bbox 241 4326 722 4405">
    <p class='ocr_par' dir='ltr' id='par_1_5' title="bbox 241 4326 722 4405">
     <span class='ocr_line' id='line_1_37' title="bbox 241 4326 722 4405; baseline -0.012 -17"><span class='ocrx_word' id='word_1_305' title='bbox 241 4329 270 4388; x_wconf 89' lang='lat' dir='ltr'><strong>in</strong></span> <span class='ocrx_word' id='word_1_306' title='bbox 284 4335 348 4405; x_wconf 74' lang='lat' dir='ltr'><strong>pert</strong></span> <span class='ocrx_word' id='word_1_307' title='bbox 365 4327 408 4384; x_wconf 88' lang='lat' dir='ltr'><strong>uel</strong></span> <span class='ocrx_word' id='word_1_308' title='bbox 426 4344 506 4386; x_wconf 75' lang='lat' dir='ltr'><strong>cmv</strong></span> <span class='ocrx_word' id='word_1_309' title='bbox 558 4326 722 4398; x_wconf 73' lang='lat' dir='ltr'><strong>impetens</strong></span> 
     </span>
    </p>
   </div>
   <div class='ocr_carea' id='block_1_6' title="bbox 0 0 1569 4892">
    <p class='ocr_par' dir='ltr' id='par_1_6' title="bbox 0 0 1569 4892">
     <span class='ocr_line' id='line_1_38' title="bbox 0 0 1569 4892; baseline 0 0"><span class='ocrx_word' id='word_1_310' title='bbox 0 0 1569 4892; x_wconf 95' lang='lat' dir='ltr'><strong> </strong></span> 
     </span>
    </p>
   </div>
  </div>
 </body>
</html>
