3100 4892
592 435 833 504 Prolegomena
1223 429 1285 483 LIX

146 614 297 679 XXXVII
321 617 352 678 et
373 612 526 678 XXXXII
546 615 678 692 exstant,
701 605 779 693 quos
795 611 892 675 edidit
905 609 1089 675 Holstenius
1105 629 1143 670 ec
1159 604 1284 669 dnobus

146 716 378 802 manuscriptis
404 713 670 780 floriacensibus
694 714 917 780 serenissimae
940 713 1070 799 reginae
1089 709 1285 786 Christinae,

147 825 211 888 sine
235 822 331 887 dubio
354 841 390 886 ex
413 822 518 886 codice
540 821 709 904 Reginensi
731 818 808 900 245,
831 820 869 883 de
892 837 953 900 quo
978 818 1068 884 modo
1090 816 1189 881 uerba
1210 816 1286 879 feci-

147 949 226 1008 mus,
249 931 284 992 ot
305 927 432 991 codice
454 927 660 1009 Regimensi
685 923 747 987 140
769 942 850 988 saec.
869 922 1046 1002 VIIII—X,
1076 921 1130 1003 qui
1159 921 1212 984 lol.
1229 918 1286 982 90⁰

147 1037 176 1097 el
198 1031 255 1094 94¹¹
279 1031 357 1095 duos
380 1049 540 1096 sermones
563 1028 897 1094 Pseudo-Eusebianos
920 1026 1059 1090 eontinet
1086 1023 1287 1107 (0111111161-

147 1137 262 1216 scheid,
293 1135 490 1200 Bibliotheca
515 1137 641 1218 petrum
668 1134 838 1198 latinorum
864 1131 977 1195 Italica
1005 1128 1130 1213 1400).
1176 1128 1287 1193 deinde

147 1241 290 1306 Martene
313 1244 345 1304 et
367 1240 507 1319 Durand,
530 1239 681 1304 Ueterum
705 1237 892 1319 scrIptorum
909 1287 916 1300 .
935 1287 942 1301 .
959 1285 966 1300 .
984 1235 1135 1314 collectio,
1159 1232 1287 1297 Parisiis

150 1343 243 1425 1733,
267 1344 362 1409 VIIII
380 1342 438 1406 141
457 1362 524 1426 sqq.
564 1343 728 1406 ediderunt
750 1341 858 1405 Fausti
882 1341 1017 1424 episcopi
1040 1356 1200 1404 sermones
1223 1356 1287 1416 sex,

148 1451 227 1514 inter
249 1467 327 1530 quos
350 1451 413 1512 tres
436 1447 565 1530 priores,
589 1448 608 1510 i.
626 1467 651 1512 e.
669 1447 746 1510 duos
770 1449 893 1510 nostros
916 1448 948 1509 ot
970 1461 1163 1508 sermonem:
1192 1440 1289 1504 detur

146 1553 339 1638 penitentie,
362 1573 401 1615 esc
423 1573 480 1614 rna.
497 1549 621 1614 domini
641 1547 821 1614 Cbouoelin
844 1548 1008 1634 regiorum
1028 1545 1216 1633 sipilloruno
1237 1568 1288 1608 cu·

149 1657 249 1720 clodis
272 1657 484 1741 significantes
507 1656 554 1720 his
578 1655 683 1720 uerbis
710 1655 849 1719 codicem
881 1653 905 1719 d
931 1653 986 1735 (ol.
1008 1669 1102 1735 supra
1123 1671 1154 1734 p.
1175 1651 1287 1732 LVII).

151 1781 241 1844 quem
270 1765 379 1844 quarto
405 1761 473 1825 loco
501 1759 664 1824 ediderunt
691 1781 730 1822 en
757 1779 813 1820 neo.
835 1755 1019 1822 corbeiensi
1041 1755 1161 1818 litteras
1184 1754 1288 1817 Mero-

151 1864 290 1951 uinqicis
310 1873 385 1928 ante
407 1885 510 1926 annos
532 1861 623 1926 mille
645 1871 783 1926 escarato
806 1881 996 1942 sermonem,
1018 1862 1045 1926 Is
1059 1862 1092 1924 in
1107 1861 1289 1925 collectione

153 1970 337 2035 Durlaeensi
359 1989 390 2033 n.
407 1969 503 2034 XIIII
527 1972 628 2034 exstat
649 1969 804 2049 huiusque
824 1967 938 2032 codicis
959 1985 1054 2049 snpra
1075 1984 1106 2048 p.
1123 1965 1178 2029 LV
1200 1984 1289 2028 rnen·

154 2077 267 2139 tionem
290 2073 430 2138 lecimus.
463 2092 622 2138 sermones
645 2073 673 2135 V
697 2075 729 2136 et
743 2072 789 2136 ‘VI
813 2072 852 2135 ed
867 2070 1179 2135 Pseudo-Eusebium
1202 2087 1290 2151 spec-

153 2183 220 2244 tant
242 2179 293 2260 (cf.
312 2178 417 2242 studia
438 2181 546 2243 nostra
568 2198 598 2260 p.
616 2173 681 2260 85).
706 2196 742 2240 en
764 2176 815 2239 his
837 2175 995 2240 Holstenii
1018 2179 1050 2239 et
1072 2174 1220 2238 Martenii
1242 2193 1290 2237 re-

154 2283 348 2347 cessionibus
372 2282 519 2365 pendent,
543 2282 731 2363 quicumque
754 2282 865 2364 postea
886 2281 919 2343 in
941 2279 1143 2344 Bibliothecis
1158 2279 1289 2342 Petrum

154 2388 313 2466 Parisiuis,
345 2387 536 2466 Coloniensi,
570 2385 788 2470 Lugdunensi,
822 2385 986 2468 Mignicne
1019 2384 1096 2448 duos
1130 2401 1289 2447 sermones

154 2491 259 2555 Fausti
292 2491 420 2556 nomino
455 2491 590 2556 edendos
626 2492 824 2554 curauerunt.
860 2489 935 2552 editi
970 2490 1076 2552 autern
1105 2491 1180 2552 sunt
1209 2488 1291 2551 inter

155 2595 288 2660 Caesarii
318 2613 441 2678 quoque
472 2595 618 2661 homilias
646 2613 681 2658 er
709 2594 867 2659 codicibus
895 2595 963 2657 sine
991 2592 1085 2658 dubio
1112 2590 1291 2656 Wircebur-

154 2699 298 2783 gensibus
322 2700 415 2764 modo
438 2700 541 2764 allatis
564 2698 727 2764 similibus.

198 2803 389 2869 Sermones
417 2804 505 2868 XXV
533 2807 565 2868 et
592 2803 697 2868 XXVI
726 2802 850 2866 erlu'bet
877 2803 989 2867 codex
1016 2801 1213 2866 Parisinus
1241 2799 1291 2863 bi-

155 2908 362 2974 bliothecae
379 2904 1058 2973 nationaIIslatinus3783saec.Xllol.
1075 2902 1292 2982 109¹et1100,

154 3013 239 3076 cuins
265 3031 360 3096 supra
387 3012 450 3076 iam
474 3033 503 3095 p.
521 3011 575 3075 LV
603 3011 796 3076 mentIonem
824 3011 964 3074 lecimus.
1003 3028 1180 3074 sermonem
1203 3008 1291 3072 XXV

154 3121 256 3198 patres
279 3116 417 3182 Maurini
439 3117 520 3180 inter·
543 3135 703 3182 sermones
732 3115 842 3179 dubios
866 3113 1039 3198 Augustini
1065 3112 1109 3195 (n.
1129 3111 1205 3196 142)
1228 3113 1292 3176 edi·

154 3220 263 3286 derunt
284 3225 316 3286 et
331 3220 477 3286 Caesario
501 3220 604 3303 (cuius
628 3219 753 3285 nomine
775 3219 877 3283 editus
894 3223 943 3283 est
960 3219 994 3283 in
1010 3218 1130 3282 Baluin
1145 3217 1291 3296 editione,

155 3324 234 3388 Bibl.
254 3325 336 3390 Patr.
359 3324 458 3409 bugd.
480 3324 558 3388 VIII
585 3321 663 3408 820)
691 3324 939 3388 uindicauerunt.
987 3341 1044 3406 ego
1076 3323 1156 3386 inter
1183 3320 1292 3385 Fausti

155 3429 267 3511 scripta
281 3429 383 3512 recepi
403 3429 515 3493 codicis
531 3428 664 3493 Parisini
680 3428 881 3512 potissimum
899 3428 1085 3491 auctoritate
1107 3427 1206 3505 nisus,
1229 3427 1292 3507 qui,

155 3539 317 3618 cumpost
346 3533 431 3598 hunc
462 3550 638 3597 sermonem
669 3532 816 3596 exhibeat
845 3531 1088 3614 praescriptione
1115 3549 1191 3594 usus
1218 3529 1293 3591 item

154 3657 253 3699 cerno
275 3635 363 3700 unde
385 3657 492 3721 supra
515 3638 660 3716 alterum,
683 3637 736 3718 qui
760 3636 943 3700 certissimis
966 3635 1161 3718 argumentis
1177 3634 1293 3698 Fausto

155 3742 287 3807 adscribi
308 3747 413 3826 potest
436 3745 467 3806 et
488 3743 547 3807 hoc
570 3742 635 3806 solo
659 3743 762 3806 codice
786 3744 940 3821 seruetur,
968 3743 1095 3803 centurn
1118 3739 1188 3803 aliis
1211 3739 1294 3802 codi-

155 3845 241 3910 cibus
261 3848 363 3931 potior
386 3851 443 3912 est.
468 3848 606 3910 ceterum
631 3849 731 3910 exstat
752 3862 855 3910 sermo
876 3847 970 3908 etiam
992 3845 1024 3907 in
1047 3844 1172 3908 codice
1188 3843 1293 3907 Chel-

156 3950 405 4016 tenhamiensi
433 3949 519 4014 8400
545 3967 626 4014 saec.
643 3950 720 4013 VIII
748 3948 866 4031 (1131)
896 3952 928 4012 et
950 3948 1075 4013 codice
1098 3946 1293 4012 Cantabri-

155 4055 274 4137 giensi
304 4055 524 4138 (Pembroko
555 4053 721 4137 College)
753 4053 887 4117 seecX
921 4053 966 4134 (n.
990 4051 1056 4135 22),
1092 4070 1169 4133 quos
1199 4069 1294 4134 supra

155 4157 348 4224 laudauimus
375 4177 514 4242 quosque
541 4159 624 4222 haud
647 4177 762 4242 paucos
787 4175 947 4221 sormones
971 4156 1080 4221 Fausti
1102 4156 1293 4219 collectionis

158 4262 355 4328 Durlocensls
379 4264 538 4329 continere
562 4263 708 4327 uidImus.
747 4263 784 4327 de
813 4262 1037 4345 fragmentis
1060 4259 1293 4324 Monacensi-

157 4365 226 4430 bus
255 4386 331 4433 saec.
360 4367 544 4434 VH—Vlll
574 4367 614 4432 ct
641 4367 771 4448 Hauler,
801 4365 934 4453 Ephem.
957 4384 1063 4452 gymn.
1088 4367 1183 4428 austr.
1210 4361 1294 4431 1890
